"delivery_date","hour_ending","settlement_point","qse_name","energy_only_bid_mw1","energy_only_bid_price1","energy_only_bid_mw2","energy_only_bid_price2","energy_only_bid_mw3","energy_only_bid_price3","energy_only_bid_mw4","energy_only_bid_price4","energy_only_bid_mw5","energy_only_bid_price5","energy_only_bid_mw6","energy_only_bid_price6","energy_only_bid_mw7","energy_only_bid_price7","energy_only_bid_mw8","energy_only_bid_price8","energy_only_bid_mw9","energy_only_bid_price9","energy_only_bid_mw10","energy_only_bid_price10","energy_only_bid_id","multi_hour_block_indicator","block/curve_indicator","p_posted_date"
"2024-10-02","1","AEEC","QAUROR","0.9","5000.0","0.9","-249.0","1.0","-250.0",,,,,,,,,,,,,,,"55dd3af0-c73","N","C","2024-12-01"
"2024-10-02","1","AEEC","QGRIEQ","28.4","-13.73",,,,,,,,,,,,,,,,,,,"6yamiy","N","C","2024-12-01"
"2024-10-02","1","AEEC","QPEBSE","1.5","-18.2",,,,,,,,,,,,,,,,,,,"NTL06","N","V","2024-12-01"
"2024-10-02","1","AEEC","QPEBSE","1.5","-70.3",,,,,,,,,,,,,,,,,,,"NTL01","N","V","2024-12-01"
"2024-10-02","1","AEEC","QPEBSE","1.5","1.03",,,,,,,,,,,,,,,,,,,"NTL12","N","V","2024-12-01"
"2024-10-02","1","AEEC","QPEBSE","3.0","-55.6",,,,,,,,,,,,,,,,,,,"NTL07","N","V","2024-12-01"
"2024-10-02","1","AEEC","QPEBSE","3.0","-83.7",,,,,,,,,,,,,,,,,,,"NTL03","N","V","2024-12-01"
"2024-10-02","1","AEEC","QPEBSE","4.5","-28.8",,,,,,,,,,,,,,,,,,,"NTL08","N","V","2024-12-01"
"2024-10-02","1","AEEC","QQDTT","1.0","19.16","1.0","17.25","1.0","15.33",,,,,,,,,,,,,,,"0001-YG-P_OP","N","C","2024-12-01"
"2024-10-02","1","AEEC","QTWIGR","1.0","100.0",,,,,,,,,,,,,,,,,,,"534fbbba398f","N","V","2024-12-01"
"2024-10-02","1","ALP_BESS_RN","QTHUNH","1.0","33.0",,,,,,,,,,,,,,,,,,,"222819107","N","V","2024-12-01"
"2024-10-02","1","AMADEUS_ALL","QSTAN4","1.0","250.0",,,,,,,,,,,,,,,,,,,"KpJ2ngtIph8y","N","C","2024-12-01"
"2024-10-02","1","AMISTAD_ALL","QCOMIT","1.0","3000.0",,,,,,,,,,,,,,,,,,,"222855057","N","V","2024-12-01"
"2024-10-02","1","AMISTAD_ALL","QGRAN3","3.5","35.28",,,,,,,,,,,,,,,,,,,"bq6NGnVq","N","V","2024-12-01"
"2024-10-02","1","AMISTAD_ALL","QGRAN3","3.5","38.31",,,,,,,,,,,,,,,,,,,"KDnYqY7t4","N","V","2024-12-01"
"2024-10-02","1","AMISTAD_ALL","QGRAN3","3.5","41.98",,,,,,,,,,,,,,,,,,,"UaoYNRIrE","N","V","2024-12-01"
"2024-10-02","1","AMISTAD_ALL","QGRAN3","3.9","31.29",,,,,,,,,,,,,,,,,,,"OoLI2g4M7Z","N","V","2024-12-01"
"2024-10-02","1","AMISTAD_ALL","QGRAN3","4.2","29.69",,,,,,,,,,,,,,,,,,,"6fRmem2ruB","N","V","2024-12-01"
"2024-10-02","1","AMISTAD_ALL","QGRAN3","4.2","33.05",,,,,,,,,,,,,,,,,,,"hymt2dbzQ7","N","V","2024-12-01"
"2024-10-02","1","AMISTAD_ALL","QGRAN3","4.6","28.1",,,,,,,,,,,,,,,,,,,"kwJzUTScKm","N","V","2024-12-01"
"2024-10-02","1","AMISTAD_ALL","QGRAN3","4.9","25.41",,,,,,,,,,,,,,,,,,,"kBZBsu7ha","N","V","2024-12-01"
"2024-10-02","1","AMISTAD_ALL","QGRAN3","4.9","26.79",,,,,,,,,,,,,,,,,,,"BY1PMaUEek","N","V","2024-12-01"
"2024-10-02","1","AMISTAD_ALL","QGRAN3","5.2","24.26",,,,,,,,,,,,,,,,,,,"3pwSt5xu3s","N","V","2024-12-01"
"2024-10-02","1","AMISTAD_ALL","QGRIEQ","5.2","51.93",,,,,,,,,,,,,,,,,,,"ly45b9","N","C","2024-12-01"
"2024-10-02","1","AMISTAD_ALL","QHEBER","2.4","74.5",,,,,,,,,,,,,,,,,,,"kpjounjy1","N","V","2024-12-01"
"2024-10-02","1","AMISTAD_ALL","QPEBSE","12.0","1.08",,,,,,,,,,,,,,,,,,,"NTL12","N","V","2024-12-01"
"2024-10-02","1","AMISTAD_ALL","QPEBSE","2.0","10.87",,,,,,,,,,,,,,,,,,,"NTL05","N","V","2024-12-01"
"2024-10-02","1","AMISTAD_ALL","QPEBSE","2.0","21.7",,,,,,,,,,,,,,,,,,,"NTL07","N","V","2024-12-01"
"2024-10-02","1","AMISTAD_ALL","QPEBSE","2.0","23.6",,,,,,,,,,,,,,,,,,,"NTL01","N","V","2024-12-01"
"2024-10-02","1","AMISTAD_ALL","QPEBSE","2.0","25.7",,,,,,,,,,,,,,,,,,,"NTL06","N","V","2024-12-01"
"2024-10-02","1","AMISTAD_ALL","QPEBSE","4.0","17.6",,,,,,,,,,,,,,,,,,,"NTL04","N","V","2024-12-01"
"2024-10-02","1","AMISTAD_ALL","QPEBSE","4.0","17.7",,,,,,,,,,,,,,,,,,,"NTL02","N","V","2024-12-01"
"2024-10-02","1","AMISTAD_ALL","QPEBSE","4.0","22.7",,,,,,,,,,,,,,,,,,,"NTL03","N","V","2024-12-01"
"2024-10-02","1","AMISTAD_ALL","QZANDY","1.0","-108.88",,,,,,,,,,,,,,,,,,,"ABS2","N","V","2024-12-01"
"2024-10-02","1","AMISTAD_ALL","QZANDY","1.0","-138.88",,,,,,,,,,,,,,,,,,,"ABS3","N","V","2024-12-01"
"2024-10-02","1","AMISTAD_ALL","QZANDY","1.0","-88.88",,,,,,,,,,,,,,,,,,,"ABS1","N","V","2024-12-01"
"2024-10-02","1","AMISTAD_ALL","QZANDY","10.0","-219.88",,,,,,,,,,,,,,,,,,,"ABS8","N","V","2024-12-01"
"2024-10-02","1","AMISTAD_ALL","QZANDY","2.0","-168.88",,,,,,,,,,,,,,,,,,,"ABS4","N","V","2024-12-01"
"2024-10-02","1","AMISTAD_ALL","QZANDY","3.0","-198.88",,,,,,,,,,,,,,,,,,,"ABS5","N","V","2024-12-01"
"2024-10-02","1","AMISTAD_ALL","QZANDY","45.0","-231.88",,,,,,,,,,,,,,,,,,,"ABS9","N","V","2024-12-01"
"2024-10-02","1","AMISTAD_ALL","QZANDY","5.0","-208.88",,,,,,,,,,,,,,,,,,,"ABS6","N","V","2024-12-01"
"2024-10-02","1","AMISTAD_ALL","QZANDY","65.0","-241.88",,,,,,,,,,,,,,,,,,,"ABS10","N","V","2024-12-01"
"2024-10-02","1","ANACACHO_ANA","QCOMIT","1.0","3000.0",,,,,,,,,,,,,,,,,,,"222855058","N","V","2024-12-01"
"2024-10-02","1","ANACACHO_ANA","QDARBY","2.0","-20.0",,,,,,,,,,,,,,,,,,,"U0001","N","V","2024-12-01"
"2024-10-02","1","ANACACHO_ANA","QGRAN3","3.5","23.09",,,,,,,,,,,,,,,,,,,"mKQFWKu6Lt","N","V","2024-12-01"
"2024-10-02","1","ANACACHO_ANA","QGRAN3","3.5","24.18",,,,,,,,,,,,,,,,,,,"icfBh2AKSt","N","V","2024-12-01"
"2024-10-02","1","ANACACHO_ANA","QGRAN3","3.5","25.36",,,,,,,,,,,,,,,,,,,"tZmIghDaK9","N","V","2024-12-01"
"2024-10-02","1","ANACACHO_ANA","QGRAN3","3.5","26.37",,,,,,,,,,,,,,,,,,,"SfCTxBxGr","N","V","2024-12-01"
"2024-10-02","1","ANACACHO_ANA","QGRAN3","3.5","27.71",,,,,,,,,,,,,,,,,,,"ET9MWpZeom","N","V","2024-12-01"
"2024-10-02","1","ANACACHO_ANA","QGRAN3","3.5","28.84",,,,,,,,,,,,,,,,,,,"3DqYfEJ9g","N","V","2024-12-01"
"2024-10-02","1","ANACACHO_ANA","QGRAN3","3.5","30.62",,,,,,,,,,,,,,,,,,,"VBj2Nts7f8","N","V","2024-12-01"
"2024-10-02","1","ANACACHO_ANA","QGRAN3","3.5","32.34",,,,,,,,,,,,,,,,,,,"anhfmiZkmz","N","V","2024-12-01"
"2024-10-02","1","ANACACHO_ANA","QGRAN3","3.5","34.36",,,,,,,,,,,,,,,,,,,"CLm3ZsWMyE","N","V","2024-12-01"
"2024-10-02","1","ANACACHO_ANA","QGRAN3","3.5","37.07",,,,,,,,,,,,,,,,,,,"JMKW7uCvnu","N","V","2024-12-01"
"2024-10-02","1","ANACACHO_ANA","QGRIEQ","10.5","51.93",,,,,,,,,,,,,,,,,,,"apv3sa","N","C","2024-12-01"
"2024-10-02","1","ANACACHO_ANA","QHEBER","4.0","74.5",,,,,,,,,,,,,,,,,,,"kpjounjy1","N","V","2024-12-01"
"2024-10-02","1","APPALOSA_ALL","QCWPE2","3.2","140.37",,,,,,,,,,,,,,,,,,,"w8GdLO1K","N","C","2024-12-01"
"2024-10-02","1","APPALOSA_ALL","QSTAN4","1.0","250.0",,,,,,,,,,,,,,,,,,,"8GlN6diGY7bI","N","C","2024-12-01"
"2024-10-02","1","ARAGORN_RN","QAUROR","5.5","5000.0",,,,,,,,,,,,,,,,,,,"55dd3af0-c73","N","C","2024-12-01"
"2024-10-02","1","ARAGORN_RN","QMEREL","5.0","85.0",,,,,,,,,,,,,,,,,,,"222891066","N","V","2024-12-01"
"2024-10-02","1","ARAGORN_RN","QNABLA","1.4","112.18",,,,,,,,,,,,,,,,,,,"t311965","N","V","2024-12-01"
"2024-10-02","1","ARAGORN_RN","QNN8S6","1.0","112.0",,,,,,,,,,,,,,,,,,,"222868943","N","V","2024-12-01"
"2024-10-02","1","ASTRA_RN","QQDTT","1.0","19.19","1.0","17.27","1.0","15.36",,,,,,,,,,,,,,,"0020-YG-P_OP","N","C","2024-12-01"
"2024-10-02","1","AZ_ALL","QAUROR","8.4","5000.0",,,,,,,,,,,,,,,,,,,"55dd3af0-c73","N","C","2024-12-01"
"2024-10-02","1","AZ_ALL","QPEBSE","3.0","15.4",,,,,,,,,,,,,,,,,,,"NTL04","N","V","2024-12-01"
"2024-10-02","1","AZ_ALL","QPEBSE","3.0","16.7",,,,,,,,,,,,,,,,,,,"NTL06","N","V","2024-12-01"
"2024-10-02","1","AZ_ALL","QPEBSE","3.0","20.7",,,,,,,,,,,,,,,,,,,"NTL03","N","V","2024-12-01"
"2024-10-02","1","AZ_ALL","QPEBSE","4.5","11.8",,,,,,,,,,,,,,,,,,,"NTL08","N","V","2024-12-01"
"2024-10-02","1","AZ_ALL","QPEBSE","4.5","13.9",,,,,,,,,,,,,,,,,,,"NTL07","N","V","2024-12-01"
"2024-10-02","1","AZ_ALL","QPEBSE","4.5","14.8",,,,,,,,,,,,,,,,,,,"NTL05","N","V","2024-12-01"
"2024-10-02","1","AZ_ALL","QPEBSE","9.0","6.4",,,,,,,,,,,,,,,,,,,"NTL02","N","V","2024-12-01"
"2024-10-02","1","AZ_ALL","QPEBSE","9.0","8.88",,,,,,,,,,,,,,,,,,,"NTL12","N","V","2024-12-01"
"2024-10-02","1","BARROW_ALL","QCWPE2","3.2","147.81",,,,,,,,,,,,,,,,,,,"TtDtLM1v","N","C","2024-12-01"
"2024-10-02","1","BARROW_ALL","QPEBSE","2.0","15.8",,,,,,,,,,,,,,,,,,,"NTL03","N","V","2024-12-01"
"2024-10-02","1","BARROW_ALL","QPEBSE","2.0","19.7",,,,,,,,,,,,,,,,,,,"NTL08","N","V","2024-12-01"
"2024-10-02","1","BARROW_ALL","QPEBSE","3.0","18.7",,,,,,,,,,,,,,,,,,,"NTL02","N","V","2024-12-01"
"2024-10-02","1","BARROW_ALL","QPEBSE","3.0","22.7",,,,,,,,,,,,,,,,,,,"NTL12","N","V","2024-12-01"
"2024-10-02","1","BATCAVE_RN","QSNDA3","1.0","-150.0","5.0","-200.0","15.0","-240.0",,,,,,,,,,,,,,,"AYeb002","N","C","2024-12-01"
"2024-10-02","1","BBREEZE_1_2","QZANDY","1.0","-24.28",,,,,,,,,,,,,,,,,,,"ABS1","N","V","2024-12-01"
"2024-10-02","1","BBREEZE_1_2","QZANDY","1.0","-26.28",,,,,,,,,,,,,,,,,,,"ABS2","N","V","2024-12-01"
"2024-10-02","1","BBREEZE_1_2","QZANDY","1.0","-28.28",,,,,,,,,,,,,,,,,,,"ABS3","N","V","2024-12-01"
"2024-10-02","1","BBREEZE_1_2","QZANDY","1.0","-30.28",,,,,,,,,,,,,,,,,,,"ABS4","N","V","2024-12-01"
"2024-10-02","1","BBREEZE_1_2","QZANDY","1.0","-32.26",,,,,,,,,,,,,,,,,,,"ABS6","N","V","2024-12-01"
"2024-10-02","1","BBREEZE_1_2","QZANDY","2.0","-150.08",,,,,,,,,,,,,,,,,,,"ABS5","N","V","2024-12-01"
"2024-10-02","1","BBREEZE_1_2","QZANDY","6.0","-196.08",,,,,,,,,,,,,,,,,,,"ABS7","N","V","2024-12-01"
"2024-10-02","1","BCATWD_WD_1","QGRIEQ","9.1","58.54",,,,,,,,,,,,,,,,,,,"w38rw1","N","C","2024-12-01"
"2024-10-02","1","BCATWD_WD_1","QSTAN4","1.0","250.0",,,,,,,,,,,,,,,,,,,"xDjCGMKnt0H5","N","C","2024-12-01"
"2024-10-02","1","BLSMT1_5_A_6","QSTAN4","1.0","250.0",,,,,,,,,,,,,,,,,,,"KaOUwnkxCpDH","N","C","2024-12-01"
"2024-10-02","1","BOOTLEG_UN1","QAUROR","8.4","5000.0",,,,,,,,,,,,,,,,,,,"55dd3af0-c73","N","C","2024-12-01"
"2024-10-02","1","BOOTLEG_UN1","QCWPE2","3.2","135.7",,,,,,,,,,,,,,,,,,,"fPrEH9BX","N","C","2024-12-01"
"2024-10-02","1","BOOTLEG_UN1","QHEBER","3.3","56.3",,,,,,,,,,,,,,,,,,,"kpjounjy1","N","V","2024-12-01"
"2024-10-02","1","BORDAS_345","QHEBER","16.8","26.7",,,,,,,,,,,,,,,,,,,"kpjounjy1","N","V","2024-12-01"
"2024-10-02","1","BORDAS_345","QSTAN4","1.0","250.0",,,,,,,,,,,,,,,,,,,"Y1Zh2vmsx5Ls","N","C","2024-12-01"
"2024-10-02","1","BORDAS_345","QTWIGR","1.0","100.0",,,,,,,,,,,,,,,,,,,"534fbbba398f","N","V","2024-12-01"
"2024-10-02","1","BRANDON_RN","QSNDA3","1.0","-150.0","5.0","-200.0","25.0","-240.0",,,,,,,,,,,,,,,"AYeb005","N","C","2024-12-01"
"2024-10-02","1","BRAZ_WND_ALL","QAUROR","2.5","5000.0",,,,,,,,,,,,,,,,,,,"55dd3af0-c73","N","C","2024-12-01"
"2024-10-02","1","BRAZ_WND_ALL","QGRIEQ","10.4","58.54",,,,,,,,,,,,,,,,,,,"caoo8c","N","C","2024-12-01"
"2024-10-02","1","BRAZ_WND_ALL","QSTAN4","1.0","250.0",,,,,,,,,,,,,,,,,,,"I5A2HXf16hf4","N","C","2024-12-01"
"2024-10-02","1","BRAZ_WND_ALL","QTWIGR","1.0","100.0",,,,,,,,,,,,,,,,,,,"534fbbba398f","N","V","2024-12-01"
"2024-10-02","1","BRISCOE_WIND","QGRIEQ","5.1","-13.73",,,,,,,,,,,,,,,,,,,"tlefxx","N","C","2024-12-01"
"2024-10-02","1","BRP_PBL1_RN","QPEBSE","2.0","11.6",,,,,,,,,,,,,,,,,,,"NTL03","N","V","2024-12-01"
"2024-10-02","1","BRP_PBL1_RN","QPEBSE","2.0","12.76",,,,,,,,,,,,,,,,,,,"NTL02","N","V","2024-12-01"
"2024-10-02","1","BRP_PBL1_RN","QPEBSE","2.0","13.8",,,,,,,,,,,,,,,,,,,"NTL07","N","V","2024-12-01"
"2024-10-02","1","BRP_PBL1_RN","QPEBSE","2.0","15.8",,,,,,,,,,,,,,,,,,,"NTL08","N","V","2024-12-01"
"2024-10-02","1","BRP_PBL1_RN","QPEBSE","2.0","18.7",,,,,,,,,,,,,,,,,,,"NTL01","N","V","2024-12-01"
"2024-10-02","1","BRP_PBL1_RN","QPEBSE","2.0","26.88",,,,,,,,,,,,,,,,,,,"NTL12","N","V","2024-12-01"
"2024-10-02","1","BRP_PBL1_RN","QPEBSE","4.0","6.9",,,,,,,,,,,,,,,,,,,"NTL05","N","V","2024-12-01"
"2024-10-02","1","BRTSW_BCW1","QZANDY","1.0","-68.0",,,,,,,,,,,,,,,,,,,"ABS10","N","V","2024-12-01"
"2024-10-02","1","BRTSW_BCW1","QZANDY","1.0","-88.0",,,,,,,,,,,,,,,,,,,"ABS9","N","V","2024-12-01"
"2024-10-02","1","BUFF_GAP_ALL","QGRIEQ","46.7","22.73",,,,,,,,,,,,,,,,,,,"h8duap","N","C","2024-12-01"
"2024-10-02","1","BULLCRK_1_2","QCWPE2","3.2","51.1",,,,,,,,,,,,,,,,,,,"K6xNuPHe","N","C","2024-12-01"
"2024-10-02","1","BULLCRK_1_2","QGRAN3","3.5","20.12",,,,,,,,,,,,,,,,,,,"UoNvsb67VQ","N","V","2024-12-01"
"2024-10-02","1","BULLCRK_1_2","QGRAN3","3.5","23.14",,,,,,,,,,,,,,,,,,,"L19TGR00y","N","V","2024-12-01"
"2024-10-02","1","BULLCRK_1_2","QGRAN3","3.5","23.98",,,,,,,,,,,,,,,,,,,"MHVw8V6pE","N","V","2024-12-01"
"2024-10-02","1","BULLCRK_1_2","QGRAN3","3.5","26.21",,,,,,,,,,,,,,,,,,,"5C6O9f0D0t","N","V","2024-12-01"
"2024-10-02","1","BULLCRK_1_2","QZANDY","4.7","-29.88",,,,,,,,,,,,,,,,,,,"GZ03","N","V","2024-12-01"
"2024-10-02","1","CABEZON_ALL","QHEBER","8.9","26.7",,,,,,,,,,,,,,,,,,,"kpjounjy1","N","V","2024-12-01"
"2024-10-02","1","CALAVER_OWS2","QGRAN3","3.5","25.2",,,,,,,,,,,,,,,,,,,"sCOVixu8mu","N","V","2024-12-01"
"2024-10-02","1","CALAVER_OWS2","QGRAN3","4.2","24.55",,,,,,,,,,,,,,,,,,,"aXPDvlzIUT","N","V","2024-12-01"
"2024-10-02","1","CALAVER_OWS2","QGRAN3","4.6","23.97",,,,,,,,,,,,,,,,,,,"2sNTyGNYPZ","N","V","2024-12-01"
"2024-10-02","1","CALAVER_OWS2","QGRAN3","4.9","23.41",,,,,,,,,,,,,,,,,,,"eCihhrVdRR","N","V","2024-12-01"
"2024-10-02","1","CALAVER_OWS2","QGRAN3","5.2","22.84",,,,,,,,,,,,,,,,,,,"iVosF7y5E6","N","V","2024-12-01"
"2024-10-02","1","CALAVER_OWS2","QGRAN3","5.6","22.3",,,,,,,,,,,,,,,,,,,"DSX4oWUGzh","N","V","2024-12-01"
"2024-10-02","1","CALAVER_OWS2","QGRAN3","6.0","21.25",,,,,,,,,,,,,,,,,,,"TrJFatvC8A","N","V","2024-12-01"
"2024-10-02","1","CALAVER_OWS2","QGRAN3","6.0","21.74",,,,,,,,,,,,,,,,,,,"jH9deJmV3","N","V","2024-12-01"
"2024-10-02","1","CALHOUN_ALL","QAUROR","8.4","5000.0",,,,,,,,,,,,,,,,,,,"55dd3af0-c73","N","C","2024-12-01"
"2024-10-02","1","CALHOUN_ALL","QPEBSE","2.0","14.9",,,,,,,,,,,,,,,,,,,"NTL04","N","V","2024-12-01"
"2024-10-02","1","CALHOUN_ALL","QPEBSE","2.0","21.7",,,,,,,,,,,,,,,,,,,"NTL02","N","V","2024-12-01"
"2024-10-02","1","CALHOUN_ALL","QPEBSE","2.0","8.8",,,,,,,,,,,,,,,,,,,"NTL03","N","V","2024-12-01"
"2024-10-02","1","CALHOUN_ALL","QPEBSE","3.0","12.7",,,,,,,,,,,,,,,,,,,"NTL01","N","V","2024-12-01"
"2024-10-02","1","CALHOUN_ALL","QPEBSE","3.0","13.5",,,,,,,,,,,,,,,,,,,"NTL06","N","V","2024-12-01"
"2024-10-02","1","CALHOUN_ALL","QPEBSE","3.0","15.4",,,,,,,,,,,,,,,,,,,"NTL05","N","V","2024-12-01"
"2024-10-02","1","CALHOUN_ALL","QPEBSE","4.0","11.87",,,,,,,,,,,,,,,,,,,"NTL07","N","V","2024-12-01"
"2024-10-02","1","CALHOUN_ALL","QPEBSE","6.0","8.88",,,,,,,,,,,,,,,,,,,"NTL12","N","V","2024-12-01"
"2024-10-02","1","CAMWIND_RN","QGRIEQ","1.6","25.04",,,,,,,,,,,,,,,,,,,"qcfq5h","N","C","2024-12-01"
"2024-10-02","1","CAMWIND_RN","QHEBER","6.2","26.6",,,,,,,,,,,,,,,,,,,"kpjounjy1","N","V","2024-12-01"
"2024-10-02","1","CAMWIND_RN","QTWIGR","1.0","100.0",,,,,,,,,,,,,,,,,,,"534fbbba398f","N","V","2024-12-01"
"2024-10-02","1","CANYONWD_ALL","QMACE1","2.0","399.69",,,,,,,,,,,,,,,,,,,"dlb69","N","V","2024-12-01"
"2024-10-02","1","CAPRIDG4_CR4","QCOMIT","1.6","3000.0",,,,,,,,,,,,,,,,,,,"222855065","N","V","2024-12-01"
"2024-10-02","1","CARBN_BSP_1","QZANDY","1.0","-72.0",,,,,,,,,,,,,,,,,,,"ABS7","N","V","2024-12-01"
"2024-10-02","1","CARBN_BSP_1","QZANDY","1.0","-96.0",,,,,,,,,,,,,,,,,,,"ABS8","N","V","2024-12-01"
"2024-10-02","1","CARBN_BSP_1","QZANDY","12.0","-238.0",,,,,,,,,,,,,,,,,,,"ABS10","N","V","2024-12-01"
"2024-10-02","1","CARBN_BSP_1","QZANDY","2.0","-172.0",,,,,,,,,,,,,,,,,,,"ABS1","N","V","2024-12-01"
"2024-10-02","1","CASL_GAP_UN1","QHEBER","5.2","56.3",,,,,,,,,,,,,,,,,,,"kpjounjy1","N","V","2024-12-01"
"2024-10-02","1","CASL_GAP_UN1","QSNDA3","5.0","35.0","10.0","20.0","250.0","-245.0","500.0","-250.0",,,,,,,,,,,,,"AYeb003","N","C","2024-12-01"
"2024-10-02","1","CEDROHI_CHW1","QCOMIT","1.0","3000.0",,,,,,,,,,,,,,,,,,,"222855066","N","V","2024-12-01"
"2024-10-02","1","CEDROHI_CHW1","QHEBER","6.9","26.8",,,,,,,,,,,,,,,,,,,"kpjounjy1","N","V","2024-12-01"
"2024-10-02","1","CEDROHI_CHW1","QTWIGR","1.0","100.0",,,,,,,,,,,,,,,,,,,"534fbbba398f","N","V","2024-12-01"
"2024-10-02","1","CEDROHI_CHW1","QZANDY","2.3","-37.28",,,,,,,,,,,,,,,,,,,"GZ09","N","V","2024-12-01"
"2024-10-02","1","CEDRVALE_RN","QNABLA","1.4","111.99",,,,,,,,,,,,,,,,,,,"t311969","N","V","2024-12-01"
"2024-10-02","1","CFLATS_UNIT","QGRAN3","3.5","28.64",,,,,,,,,,,,,,,,,,,"ubUD1u2WtW","N","V","2024-12-01"
"2024-10-02","1","CFLATS_UNIT","QGRAN3","3.5","30.24",,,,,,,,,,,,,,,,,,,"ZJ1dlsB1tP","N","V","2024-12-01"
"2024-10-02","1","CFLATS_UNIT","QGRAN3","3.5","32.08",,,,,,,,,,,,,,,,,,,"PWhcZDaegK","N","V","2024-12-01"
"2024-10-02","1","CFLATS_UNIT","QGRAN3","3.5","34.63",,,,,,,,,,,,,,,,,,,"u9D2X4kv8","N","V","2024-12-01"
"2024-10-02","1","CFLATS_UNIT","QGRAN3","3.9","27.37",,,,,,,,,,,,,,,,,,,"O4yLV7ukiG","N","V","2024-12-01"
"2024-10-02","1","CFLATS_UNIT","QGRAN3","4.6","25.02",,,,,,,,,,,,,,,,,,,"dUzGVPZCkK","N","V","2024-12-01"
"2024-10-02","1","CFLATS_UNIT","QGRAN3","4.6","26.03",,,,,,,,,,,,,,,,,,,"o7TsGLgamp","N","V","2024-12-01"
"2024-10-02","1","CFLATS_UNIT","QGRAN3","5.2","21.76",,,,,,,,,,,,,,,,,,,"Q2HwrbNv4V","N","V","2024-12-01"
"2024-10-02","1","CFLATS_UNIT","QGRAN3","5.6","22.86",,,,,,,,,,,,,,,,,,,"IgS9ACNvP","N","V","2024-12-01"
"2024-10-02","1","CFLATS_UNIT","QGRAN3","5.6","23.99",,,,,,,,,,,,,,,,,,,"3fXH5Y9LP6","N","V","2024-12-01"
"2024-10-02","1","CFLATS_UNIT","QMACQ","5.0","85.45",,,,,,,,,,,,,,,,,,,"45","N","V","2024-12-01"
"2024-10-02","1","CFLATS_UNIT","QPEBSE","1.0","27.7",,,,,,,,,,,,,,,,,,,"NTL05","N","V","2024-12-01"
"2024-10-02","1","CFLATS_UNIT","QPEBSE","12.0","10.88",,,,,,,,,,,,,,,,,,,"NTL12","N","V","2024-12-01"
"2024-10-02","1","CFLATS_UNIT","QPEBSE","2.0","15.8",,,,,,,,,,,,,,,,,,,"NTL01","N","V","2024-12-01"
"2024-10-02","1","CFLATS_UNIT","QPEBSE","2.0","16.4",,,,,,,,,,,,,,,,,,,"NTL03","N","V","2024-12-01"
"2024-10-02","1","CFLATS_UNIT","QPEBSE","2.0","22.4",,,,,,,,,,,,,,,,,,,"NTL02","N","V","2024-12-01"
"2024-10-02","1","CFLATS_UNIT","QPEBSE","2.0","23.7",,,,,,,,,,,,,,,,,,,"NTL04","N","V","2024-12-01"
"2024-10-02","1","CFLATS_UNIT","QPEBSE","4.0","14.8",,,,,,,,,,,,,,,,,,,"NTL07","N","V","2024-12-01"
"2024-10-02","1","CFLATS_UNIT","QPEBSE","4.0","22.7",,,,,,,,,,,,,,,,,,,"NTL10","N","V","2024-12-01"
"2024-10-02","1","CFLATS_UNIT","QTHUNH","2.0","34.0",,,,,,,,,,,,,,,,,,,"222819101","N","V","2024-12-01"
"2024-10-02","1","CFLATS_UNIT","QZANDY","10.0","-208.88",,,,,,,,,,,,,,,,,,,"ABS8","N","V","2024-12-01"
"2024-10-02","1","CFLATS_UNIT","QZANDY","3.0","-70.0",,,,,,,,,,,,,,,,,,,"ABS5","N","V","2024-12-01"
"2024-10-02","1","CFLATS_UNIT","QZANDY","3.0","-90.0",,,,,,,,,,,,,,,,,,,"ABS6","N","V","2024-12-01"
"2024-10-02","1","CFLATS_UNIT","QZANDY","3.1","-33.12",,,,,,,,,,,,,,,,,,,"GZ06","N","V","2024-12-01"
"2024-10-02","1","CFLATS_UNIT","QZANDY","3.1","-37.25",,,,,,,,,,,,,,,,,,,"GZ07","N","V","2024-12-01"
"2024-10-02","1","CFLATS_UNIT","QZANDY","45.0","-231.88",,,,,,,,,,,,,,,,,,,"ABS9","N","V","2024-12-01"
"2024-10-02","1","CFLATS_UNIT","QZANDY","5.4","-111.29",,,,,,,,,,,,,,,,,,,"GZ08","N","V","2024-12-01"
"2024-10-02","1","CFLATS_UNIT","QZANDY","65.0","-241.88",,,,,,,,,,,,,,,,,,,"ABS10","N","V","2024-12-01"
"2024-10-02","1","CHALUP_ALL","QTWIGR","1.0","100.0",,,,,,,,,,,,,,,,,,,"534fbbba398f","N","V","2024-12-01"
"2024-10-02","1","CHAL_SLR_RN","QNABLA","1.4","112.25",,,,,,,,,,,,,,,,,,,"t311962","N","V","2024-12-01"
"2024-10-02","1","CITYVICT_ALL","QAUROR","8.4","5000.0",,,,,,,,,,,,,,,,,,,"55dd3af0-c73","N","C","2024-12-01"
"2024-10-02","1","CITYVICT_ALL","QPEBSE","1.5","21.8",,,,,,,,,,,,,,,,,,,"NTL06","N","V","2024-12-01"
"2024-10-02","1","CITYVICT_ALL","QPEBSE","3.0","12.7",,,,,,,,,,,,,,,,,,,"NTL04","N","V","2024-12-01"
"2024-10-02","1","CITYVICT_ALL","QPEBSE","4.5","14.07",,,,,,,,,,,,,,,,,,,"NTL02","N","V","2024-12-01"
"2024-10-02","1","CITYVICT_ALL","QPEBSE","6.0","5.6",,,,,,,,,,,,,,,,,,,"NTL01","N","V","2024-12-01"
"2024-10-02","1","CITYVICT_ALL","QPEBSE","9.0","6.9",,,,,,,,,,,,,,,,,,,"NTL05","N","V","2024-12-01"
"2024-10-02","1","CLO_RN","QTEN22","10.0","-249.0",,,,,,,,,,,,,,,,,,,"CLOLD200","N","V","2024-12-01"
"2024-10-02","1","CLO_RN","QTEN22","10.0","-25.0","25.0","-50.0",,,,,,,,,,,,,,,,,"CLOLD201","N","C","2024-12-01"
"2024-10-02","1","CLO_RN","QTEN22","10.0","22.01","25.0","10.01",,,,,,,,,,,,,,,,,"CLOLD202","N","C","2024-12-01"
"2024-10-02","1","CN_BRKS_UNT1","QGRIEQ","7.7","-13.73",,,,,,,,,,,,,,,,,,,"6ystiz","N","C","2024-12-01"
"2024-10-02","1","CN_BRKS_UNT1","QQDTT","1.0","19.26","1.0","17.34","1.0","15.41",,,,,,,,,,,,,,,"0057-YG-P_OP","N","C","2024-12-01"
"2024-10-02","1","COL_COLETOG1","QCOMIT","1.0","3000.0",,,,,,,,,,,,,,,,,,,"222855067","N","V","2024-12-01"
"2024-10-02","1","COTPLNS_RN","QGRIEQ","7.4","-13.73",,,,,,,,,,,,,,,,,,,"0gjkpb","N","C","2024-12-01"
"2024-10-02","1","COTPLNS_RN","QQDTT","1.0","19.45","1.0","17.51","1.0","15.56",,,,,,,,,,,,,,,"0066-YG-P_OP","N","C","2024-12-01"
"2024-10-02","1","COYOTSPR_RN","QNABLA","1.4","112.32",,,,,,,,,,,,,,,,,,,"t311967","N","V","2024-12-01"
"2024-10-02","1","COYOTSPR_RN","QNN8S6","1.0","130.0",,,,,,,,,,,,,,,,,,,"222868945","N","V","2024-12-01"
"2024-10-02","1","CPSES_UNIT1","QGRAN3","1.0","22.99",,,,,,,,,,,,,,,,,,,"yil06SNclR","N","V","2024-12-01"
"2024-10-02","1","CPSES_UNIT1","QGRAN3","1.6","22.35",,,,,,,,,,,,,,,,,,,"OlnxLDzTpQ","N","V","2024-12-01"
"2024-10-02","1","CPSES_UNIT1","QGRAN3","2.3","21.85",,,,,,,,,,,,,,,,,,,"MXXHPNHe0","N","V","2024-12-01"
"2024-10-02","1","CPSES_UNIT1","QGRAN3","2.9","21.32",,,,,,,,,,,,,,,,,,,"UcPiPZ8bsK","N","V","2024-12-01"
"2024-10-02","1","CPSES_UNIT1","QGRAN3","3.0","18.32",,,,,,,,,,,,,,,,,,,"ZSynzcGam","N","V","2024-12-01"
"2024-10-02","1","CPSES_UNIT1","QGRAN3","3.5","20.63",,,,,,,,,,,,,,,,,,,"t2DyYhQ0hv","N","V","2024-12-01"
"2024-10-02","1","CPSES_UNIT1","QGRAN3","3.6","18.97",,,,,,,,,,,,,,,,,,,"lQeResbLq","N","V","2024-12-01"
"2024-10-02","1","CPSES_UNIT1","QGRAN3","3.8","20.01",,,,,,,,,,,,,,,,,,,"lRbSlmmU0j","N","V","2024-12-01"
"2024-10-02","1","CPSES_UNIT1","QGRAN3","3.9","19.49",,,,,,,,,,,,,,,,,,,"GYRwkqeg6","N","V","2024-12-01"
"2024-10-02","1","CROSSETT_ALL","QTEN22","5.0","15.0",,,,,,,,,,,,,,,,,,,"JPB100002","N","V","2024-12-01"
"2024-10-02","1","CROSSETT_ALL","QTEN22","5.0","25.0",,,,,,,,,,,,,,,,,,,"JPB100001","N","V","2024-12-01"
"2024-10-02","1","CROSSETT_ALL","QTEN22","5.0","5.0",,,,,,,,,,,,,,,,,,,"JPB100003","N","V","2024-12-01"
"2024-10-02","1","CSC_CSECG1_2","QGRIEQ","12.6","58.54",,,,,,,,,,,,,,,,,,,"e8on25","N","C","2024-12-01"
"2024-10-02","1","CSC_CSECG1_2","QSTAN4","1.0","250.0",,,,,,,,,,,,,,,,,,,"mIdLnvlwWdtD","N","C","2024-12-01"
"2024-10-02","1","DC2SES_ALL","QZANDY","16.0","-226.6",,,,,,,,,,,,,,,,,,,"ABS2","N","V","2024-12-01"
"2024-10-02","1","DC2SES_ALL","QZANDY","36.0","-232.6",,,,,,,,,,,,,,,,,,,"ABS3","N","V","2024-12-01"
"2024-10-02","1","DC2SES_ALL","QZANDY","5.0","-196.6",,,,,,,,,,,,,,,,,,,"ABS1","N","V","2024-12-01"
"2024-10-02","1","DC2SES_ALL","QZANDY","56.0","-242.2",,,,,,,,,,,,,,,,,,,"ABS4","N","V","2024-12-01"
"2024-10-02","1","DC_L","QHEBER","4.6","26.8",,,,,,,,,,,,,,,,,,,"kpjounjy1","N","V","2024-12-01"
"2024-10-02","1","DC_L","QZANDY","3.0","-50.1",,,,,,,,,,,,,,,,,,,"ABS6","N","V","2024-12-01"
"2024-10-02","1","DC_R","QAUROR","8.4","5000.0",,,,,,,,,,,,,,,,,,,"55dd3af0-c73","N","C","2024-12-01"
"2024-10-02","1","DC_R","QCWPE1","20.0","65.0",,,,,,,,,,,,,,,,,,,"X9z961wu","N","V","2024-12-01"
"2024-10-02","1","DECKER_GT","QGRAN3","3.5","22.83",,,,,,,,,,,,,,,,,,,"iqRxBkorY","N","V","2024-12-01"
"2024-10-02","1","DECKER_GT","QGRAN3","3.9","22.39",,,,,,,,,,,,,,,,,,,"C2IPTEHt","N","V","2024-12-01"
"2024-10-02","1","DUKE_GST1CCU","QCALP","105.0","250.0",,,,,,,,,,,,,,,,,,,"000010","N","V","2024-12-01"
"2024-10-02","1","DUKE_GST1CCU","QHEBER","10.4","26.6",,,,,,,,,,,,,,,,,,,"kpjounjy1","N","V","2024-12-01"
"2024-10-02","1","DUKE_GST1CCU","QTWIGR","1.0","100.0",,,,,,,,,,,,,,,,,,,"534fbbba398f","N","V","2024-12-01"
"2024-10-02","1","DUKE_GST1CCU","QZANDY","1.0","-108.88",,,,,,,,,,,,,,,,,,,"ABS2","N","V","2024-12-01"
"2024-10-02","1","DUKE_GST1CCU","QZANDY","1.0","-138.88",,,,,,,,,,,,,,,,,,,"ABS3","N","V","2024-12-01"
"2024-10-02","1","DUKE_GST1CCU","QZANDY","1.0","-88.88",,,,,,,,,,,,,,,,,,,"ABS1","N","V","2024-12-01"
"2024-10-02","1","DUKE_GST1CCU","QZANDY","10.0","-219.88",,,,,,,,,,,,,,,,,,,"ABS8","N","V","2024-12-01"
"2024-10-02","1","DUKE_GST1CCU","QZANDY","2.0","-168.88",,,,,,,,,,,,,,,,,,,"ABS4","N","V","2024-12-01"
"2024-10-02","1","DUKE_GST1CCU","QZANDY","3.0","-198.88",,,,,,,,,,,,,,,,,,,"ABS5","N","V","2024-12-01"
"2024-10-02","1","DUKE_GST1CCU","QZANDY","45.0","-231.88",,,,,,,,,,,,,,,,,,,"ABS9","N","V","2024-12-01"
"2024-10-02","1","DUKE_GST1CCU","QZANDY","5.0","-208.88",,,,,,,,,,,,,,,,,,,"ABS6","N","V","2024-12-01"
"2024-10-02","1","DUKE_GST1CCU","QZANDY","65.0","-241.88",,,,,,,,,,,,,,,,,,,"ABS10","N","V","2024-12-01"
"2024-10-02","1","DUKE_GT2_CCU","QHEBER","10.4","26.6",,,,,,,,,,,,,,,,,,,"kpjounjy1","N","V","2024-12-01"
"2024-10-02","1","DUP_PUN1","QCOMIT","1.0","3000.0",,,,,,,,,,,,,,,,,,,"222855069","N","V","2024-12-01"
"2024-10-02","1","DUP_PUN2","QCOMIT","1.0","3000.0",,,,,,,,,,,,,,,,,,,"222855070","N","V","2024-12-01"
"2024-10-02","1","DUP_PUN3","QAUROR","8.4","5000.0",,,,,,,,,,,,,,,,,,,"55dd3af0-c73","N","C","2024-12-01"
"2024-10-02","1","DUP_PUN3","QCOMIT","1.0","3000.0",,,,,,,,,,,,,,,,,,,"222855071","N","V","2024-12-01"
"2024-10-02","1","DUP_PUN4","QCOMIT","1.0","3000.0",,,,,,,,,,,,,,,,,,,"222855072","N","V","2024-12-01"
"2024-10-02","1","ECLIPSE_UN1","QCOMIT","1.0","3000.0",,,,,,,,,,,,,,,,,,,"222855073","N","V","2024-12-01"
"2024-10-02","1","ECLIPSE_UN1","QCWPE2","3.2","43.19",,,,,,,,,,,,,,,,,,,"NuY95RmC","N","C","2024-12-01"
"2024-10-02","1","ECLIPSE_UN1","QGRIEQ","3.8","51.93",,,,,,,,,,,,,,,,,,,"b2yx18","N","C","2024-12-01"
"2024-10-02","1","ECLIPSE_UN1","QHEBER","1.4","74.5",,,,,,,,,,,,,,,,,,,"kpjounjy1","N","V","2024-12-01"
"2024-10-02","1","ECLIPSE_UN1","QPEBSE","3.0","16.88",,,,,,,,,,,,,,,,,,,"NTL08","N","V","2024-12-01"
"2024-10-02","1","ECLIPSE_UN1","QPEBSE","3.0","17.6",,,,,,,,,,,,,,,,,,,"NTL03","N","V","2024-12-01"
"2024-10-02","1","ECLIPSE_UN1","QPEBSE","3.0","18.2",,,,,,,,,,,,,,,,,,,"NTL10","N","V","2024-12-01"
"2024-10-02","1","ECLIPSE_UN1","QPEBSE","3.0","24.7",,,,,,,,,,,,,,,,,,,"NTL04","N","V","2024-12-01"
"2024-10-02","1","ECLIPSE_UN1","QPEBSE","3.0","26.8",,,,,,,,,,,,,,,,,,,"NTL06","N","V","2024-12-01"
"2024-10-02","1","ECLIPSE_UN1","QPEBSE","9.0","19.65",,,,,,,,,,,,,,,,,,,"NTL12","N","V","2024-12-01"
"2024-10-02","1","ECLIPSE_UN1","QZANDY","1.0","-140.88",,,,,,,,,,,,,,,,,,,"ABS1","N","V","2024-12-01"
"2024-10-02","1","ECLIPSE_UN1","QZANDY","16.0","-228.88",,,,,,,,,,,,,,,,,,,"ABS6","N","V","2024-12-01"
"2024-10-02","1","ECLIPSE_UN1","QZANDY","2.0","-192.08",,,,,,,,,,,,,,,,,,,"ABS4","N","V","2024-12-01"
"2024-10-02","1","ECLIPSE_UN1","QZANDY","28.0","-236.88",,,,,,,,,,,,,,,,,,,"ABS7","N","V","2024-12-01"
"2024-10-02","1","ECLIPSE_UN1","QZANDY","48.0","-245.88",,,,,,,,,,,,,,,,,,,"ABS8","N","V","2024-12-01"
"2024-10-02","1","ECLIPSE_UN1","QZANDY","6.0","-208.88",,,,,,,,,,,,,,,,,,,"ABS5","N","V","2024-12-01"
"2024-10-02","1","ELB_ELBCREEK","QCOMIT","1.3","3000.0",,,,,,,,,,,,,,,,,,,"222855074","N","V","2024-12-01"
"2024-10-02","1","ELB_ELBCREEK","QCWPE2","3.2","65.47",,,,,,,,,,,,,,,,,,,"tVTPm3ON","N","C","2024-12-01"
"2024-10-02","1","ELB_ELBCREEK","QHEBER","10.0","61.95","20.0","55.08",,,,,,,,,,,,,,,,,"TT61","N","C","2024-12-01"
"2024-10-02","1","ELB_ELBCREEK","QSTAN4","1.0","250.0",,,,,,,,,,,,,,,,,,,"O6CDKcJQIYbY","N","C","2024-12-01"
"2024-10-02","1","ELECTRAW_1_2","QSTAN4","1.0","250.0",,,,,,,,,,,,,,,,,,,"3qVFAnIzcXAb","N","C","2024-12-01"
"2024-10-02","1","EL_RAYO_ALL","QHEBER","7.8","26.6",,,,,,,,,,,,,,,,,,,"kpjounjy1","N","V","2024-12-01"
"2024-10-02","1","EL_RAYO_ALL","QTWIGR","1.0","100.0",,,,,,,,,,,,,,,,,,,"534fbbba398f","N","V","2024-12-01"
"2024-10-02","1","ERSL_RN","QCWPE2","3.2","8.13",,,,,,,,,,,,,,,,,,,"Iv7eUmeM","N","C","2024-12-01"
"2024-10-02","1","ETCCS_CCU","QTWIGR","1.0","100.0",,,,,,,,,,,,,,,,,,,"534fbbba398f","N","V","2024-12-01"
"2024-10-02","1","ETCCS_CCU","QZANDY","16.0","-226.6",,,,,,,,,,,,,,,,,,,"ABS2","N","V","2024-12-01"
"2024-10-02","1","ETCCS_CCU","QZANDY","36.0","-232.6",,,,,,,,,,,,,,,,,,,"ABS3","N","V","2024-12-01"
"2024-10-02","1","ETCCS_CCU","QZANDY","5.0","-196.6",,,,,,,,,,,,,,,,,,,"ABS1","N","V","2024-12-01"
"2024-10-02","1","ETCCS_CCU","QZANDY","56.0","-242.2",,,,,,,,,,,,,,,,,,,"ABS4","N","V","2024-12-01"
"2024-10-02","1","EUNICE_ALL","QCWPE2","3.2","141.15",,,,,,,,,,,,,,,,,,,"if9ZHbnq","N","C","2024-12-01"
"2024-10-02","1","EXGNSND_RN","QGRAN3","3.5","26.96",,,,,,,,,,,,,,,,,,,"CnLu5FPqSk","N","V","2024-12-01"
"2024-10-02","1","EXGNSND_RN","QGRAN3","3.5","28.17",,,,,,,,,,,,,,,,,,,"n0d4zdqBG","N","V","2024-12-01"
"2024-10-02","1","EXGNSND_RN","QGRAN3","4.2","25.79",,,,,,,,,,,,,,,,,,,"c6PBZ9w75S","N","V","2024-12-01"
"2024-10-02","1","EXGNSND_RN","QGRAN3","4.6","25.03",,,,,,,,,,,,,,,,,,,"ssyZegzDY","N","V","2024-12-01"
"2024-10-02","1","EXGNSND_RN","QGRAN3","4.9","24.36",,,,,,,,,,,,,,,,,,,"DHT9PsOp9f","N","V","2024-12-01"
"2024-10-02","1","EXGNSND_RN","QGRAN3","5.2","23.48",,,,,,,,,,,,,,,,,,,"0NatVurPvk","N","V","2024-12-01"
"2024-10-02","1","EXGNSND_RN","QGRAN3","5.6","21.43",,,,,,,,,,,,,,,,,,,"qlnbqfsiSH","N","V","2024-12-01"
"2024-10-02","1","EXGNSND_RN","QGRAN3","5.6","21.98",,,,,,,,,,,,,,,,,,,"W3Ui0T3KRq","N","V","2024-12-01"
"2024-10-02","1","EXGNSND_RN","QGRAN3","5.6","22.72",,,,,,,,,,,,,,,,,,,"MZfV2KHdh8","N","V","2024-12-01"
"2024-10-02","1","EXGNSND_RN","QHEBER","2.9","27.0",,,,,,,,,,,,,,,,,,,"kpjounjy1","N","V","2024-12-01"
"2024-10-02","1","EXGNWTL_1","QCOMIT","1.0","3000.0",,,,,,,,,,,,,,,,,,,"222855076","N","V","2024-12-01"
"2024-10-02","1","EXGNWTL_1","QHEBER","4.2","26.8",,,,,,,,,,,,,,,,,,,"kpjounjy1","N","V","2024-12-01"
"2024-10-02","1","E_BLACK_RN","QCWPE2","3.2","46.21",,,,,,,,,,,,,,,,,,,"kncrZXVs","N","C","2024-12-01"
"2024-10-02","1","E_BLACK_RN","QMEREL","5.0","20.18",,,,,,,,,,,,,,,,,,,"222891070","N","V","2024-12-01"
"2024-10-02","1","FAULKNER_RN","QMEREL","2.5","34.19",,,,,,,,,,,,,,,,,,,"222891068","N","V","2024-12-01"
"2024-10-02","1","FAULKNER_RN","QNABLA","1.4","112.32",,,,,,,,,,,,,,,,,,,"t311968","N","V","2024-12-01"
"2024-10-02","1","FAULKNER_RN","QNN8S6","1.0","130.0",,,,,,,,,,,,,,,,,,,"222868946","N","V","2024-12-01"
"2024-10-02","1","FERMI_ALL","QGRAN3","3.5","24.18",,,,,,,,,,,,,,,,,,,"kFcSEozyWl","N","V","2024-12-01"
"2024-10-02","1","FERMI_ALL","QGRAN3","3.5","25.48",,,,,,,,,,,,,,,,,,,"S5H9WizIV","N","V","2024-12-01"
"2024-10-02","1","FERMI_ALL","QGRAN3","3.5","27.0",,,,,,,,,,,,,,,,,,,"6VqoxfSz2M","N","V","2024-12-01"
"2024-10-02","1","FERMI_ALL","QGRAN3","3.5","28.42",,,,,,,,,,,,,,,,,,,"5fS599D51r","N","V","2024-12-01"
"2024-10-02","1","FERMI_ALL","QGRAN3","3.5","30.16",,,,,,,,,,,,,,,,,,,"zG1fi4yDfM","N","V","2024-12-01"
"2024-10-02","1","FERMI_ALL","QGRAN3","3.5","31.78",,,,,,,,,,,,,,,,,,,"OP7cW8CL2n","N","V","2024-12-01"
"2024-10-02","1","FERMI_ALL","QGRAN3","3.5","33.94",,,,,,,,,,,,,,,,,,,"7mSmmrHvjw","N","V","2024-12-01"
"2024-10-02","1","FERMI_ALL","QGRAN3","3.5","36.0",,,,,,,,,,,,,,,,,,,"Ucjtdfczl","N","V","2024-12-01"
"2024-10-02","1","FERMI_ALL","QGRAN3","3.5","38.97",,,,,,,,,,,,,,,,,,,"afBWCkILHh","N","V","2024-12-01"
"2024-10-02","1","FERMI_ALL","QGRAN3","3.5","42.65",,,,,,,,,,,,,,,,,,,"6erw2E8ktH","N","V","2024-12-01"
"2024-10-02","1","FERMI_ALL","QGRIEQ","14.9","51.93",,,,,,,,,,,,,,,,,,,"756ie6","N","C","2024-12-01"
"2024-10-02","1","FERMI_ALL","QHEBER","5.6","74.5",,,,,,,,,,,,,,,,,,,"kpjounjy1","N","V","2024-12-01"
"2024-10-02","1","FLCNS_UNIT1","QCOMIT","1.6","3000.0",,,,,,,,,,,,,,,,,,,"222855080","N","V","2024-12-01"
"2024-10-02","1","FLCNS_UNIT1","QGRIEQ","4.2","58.54",,,,,,,,,,,,,,,,,,,"6ihhne","N","C","2024-12-01"
"2024-10-02","1","FLCNS_UNIT1","QHEBER","9.5","87.9",,,,,,,,,,,,,,,,,,,"kpjounjy1","N","V","2024-12-01"
"2024-10-02","1","FLCNS_UNIT2","QCOMIT","1.6","3000.0",,,,,,,,,,,,,,,,,,,"222855081","N","V","2024-12-01"
"2024-10-02","1","FLCNS_UNIT2","QGRIEQ","4.2","58.54",,,,,,,,,,,,,,,,,,,"nhzuv4","N","C","2024-12-01"
"2024-10-02","1","FLCNS_UNIT2","QHEBER","9.5","87.9",,,,,,,,,,,,,,,,,,,"kpjounjy1","N","V","2024-12-01"
"2024-10-02","1","FLCNS_UNIT3","QGRIEQ","4.2","58.54",,,,,,,,,,,,,,,,,,,"peajru","N","C","2024-12-01"
"2024-10-02","1","FLCNS_UNIT3","QHEBER","9.5","87.9",,,,,,,,,,,,,,,,,,,"kpjounjy1","N","V","2024-12-01"
"2024-10-02","1","FLOWERII_RN","QNABLA","1.4","113.06",,,,,,,,,,,,,,,,,,,"t311972","N","V","2024-12-01"
"2024-10-02","1","FLOWERII_RN","QTEN22","10.0","-249.0",,,,,,,,,,,,,,,,,,,"FVYTWO10","N","V","2024-12-01"
"2024-10-02","1","FLOWERII_RN","QTEN22","10.0","-25.0","30.0","-50.0",,,,,,,,,,,,,,,,,"FVYTWO11","N","C","2024-12-01"
"2024-10-02","1","FLOWERII_RN","QTEN22","10.0","45.01","30.0","25.01",,,,,,,,,,,,,,,,,"FVYTWO12","N","C","2024-12-01"
"2024-10-02","1","FLTBES1","QNABLA","1.4","113.06",,,,,,,,,,,,,,,,,,,"t311973","N","V","2024-12-01"
"2024-10-02","1","FLTCK_SSI","QENDU1","10.0","22.19",,,,,,,,,,,,,,,,,,,"RTE2","N","F","2024-12-01"
"2024-10-02","1","FLTCK_SSI","QENDU1","10.0","24.52",,,,,,,,,,,,,,,,,,,"RTE","N","F","2024-12-01"
"2024-10-02","1","FLUVANNA_1_2","QSTAN4","1.0","250.0",,,,,,,,,,,,,,,,,,,"ddEY1sGtuh3m","N","C","2024-12-01"
"2024-10-02","1","FLVABES1_ESR","QNABLA","1.4","113.06",,,,,,,,,,,,,,,,,,,"t311974","N","V","2024-12-01"
"2024-10-02","1","FLVABES1_ESR","QTEN22","1.0","-249.0",,,,,,,,,,,,,,,,,,,"FLVONE01","N","V","2024-12-01"
"2024-10-02","1","FLVABES1_ESR","QTEN22","1.0","-25.0","4.0","-50.0",,,,,,,,,,,,,,,,,"FLVONE02","N","C","2024-12-01"
"2024-10-02","1","FLVABES1_ESR","QTEN22","1.0","45.01","4.0","25.01",,,,,,,,,,,,,,,,,"FLVONE03","N","C","2024-12-01"
"2024-10-02","1","FOARDCTY_ALL","QSTAN4","1.0","250.0",,,,,,,,,,,,,,,,,,,"Fsc0UjB1GJ1z","N","C","2024-12-01"
"2024-10-02","1","FORMOSA_PUN1","QCOMIT","1.0","3000.0",,,,,,,,,,,,,,,,,,,"222855082","N","V","2024-12-01"
"2024-10-02","1","FORMOSA_PUN1","QZANDY","12.0","-228.68",,,,,,,,,,,,,,,,,,,"ABS4","N","V","2024-12-01"
"2024-10-02","1","FORMOSA_PUN1","QZANDY","2.0","-145.88",,,,,,,,,,,,,,,,,,,"ABS1","N","V","2024-12-01"
"2024-10-02","1","FORMOSA_PUN1","QZANDY","20.0","-240.68",,,,,,,,,,,,,,,,,,,"ABS5","N","V","2024-12-01"
"2024-10-02","1","FORMOSA_PUN1","QZANDY","3.0","-198.98",,,,,,,,,,,,,,,,,,,"ABS2","N","V","2024-12-01"
"2024-10-02","1","FORMOSA_PUN1","QZANDY","48.0","-246.06",,,,,,,,,,,,,,,,,,,"ABS6","N","V","2024-12-01"
"2024-10-02","1","FORMOSA_PUN1","QZANDY","8.0","-216.68",,,,,,,,,,,,,,,,,,,"ABS3","N","V","2024-12-01"
"2024-10-02","1","FORMOSA_PUN2","QCOMIT","1.0","3000.0",,,,,,,,,,,,,,,,,,,"222855083","N","V","2024-12-01"
"2024-10-02","1","FORTMA_RN","QPEBSE","1.0","-128.7",,,,,,,,,,,,,,,,,,,"NTL04","N","V","2024-12-01"
"2024-10-02","1","FORTMA_RN","QPEBSE","10.0","-200.7",,,,,,,,,,,,,,,,,,,"NTL02","N","V","2024-12-01"
"2024-10-02","1","FORTMA_RN","QPEBSE","18.0","-227.6",,,,,,,,,,,,,,,,,,,"NTL07","N","V","2024-12-01"
"2024-10-02","1","FORTMA_RN","QPEBSE","2.0","-152.8",,,,,,,,,,,,,,,,,,,"NTL05","N","V","2024-12-01"
"2024-10-02","1","FORTMA_RN","QPEBSE","24.0","-257.0",,,,,,,,,,,,,,,,,,,"NTL09","N","V","2024-12-01"
"2024-10-02","1","FORTMA_RN","QPEBSE","4.0","-185.6",,,,,,,,,,,,,,,,,,,"NTL06","N","V","2024-12-01"
"2024-10-02","1","FORTMA_RN","QPEBSE","8.0","-238.7",,,,,,,,,,,,,,,,,,,"NTL08","N","V","2024-12-01"
"2024-10-02","1","FRONT_EC_RN1","QTWIGR","1.0","100.0",,,,,,,,,,,,,,,,,,,"534fbbba398f","N","V","2024-12-01"
"2024-10-02","1","FTWIND_UNIT1","QGRAN3","10.2","21.03",,,,,,,,,,,,,,,,,,,"YUjAcQbSr3","N","V","2024-12-01"
"2024-10-02","1","FTWIND_UNIT1","QGRAN3","11.2","20.49",,,,,,,,,,,,,,,,,,,"mvpMIAagZ","N","V","2024-12-01"
"2024-10-02","1","FTWIND_UNIT1","QGRAN3","4.2","23.96",,,,,,,,,,,,,,,,,,,"Ne30zIaZDk","N","V","2024-12-01"
"2024-10-02","1","FTWIND_UNIT1","QGRAN3","6.3","22.82",,,,,,,,,,,,,,,,,,,"H3aaoKbI5","N","V","2024-12-01"
"2024-10-02","1","FTWIND_UNIT1","QGRAN3","7.0","22.4",,,,,,,,,,,,,,,,,,,"KLhBlALX9i","N","V","2024-12-01"
"2024-10-02","1","FTWIND_UNIT1","QGRAN3","8.0","21.91",,,,,,,,,,,,,,,,,,,"CvKACgJp8","N","V","2024-12-01"
"2024-10-02","1","FTWIND_UNIT1","QGRAN3","9.1","21.49",,,,,,,,,,,,,,,,,,,"NTUO8VI5n","N","V","2024-12-01"
"2024-10-02","1","FWLR_SLR_1","QCWPE2","3.2","137.7",,,,,,,,,,,,,,,,,,,"HNpeiIGM","N","C","2024-12-01"
"2024-10-02","1","GARC_BESS_RN","QTWIGR","1.0","100.0",,,,,,,,,,,,,,,,,,,"534fbbba398f","N","V","2024-12-01"
"2024-10-02","1","GOA_GOATWIND","QCOMIT","1.8","3000.0",,,,,,,,,,,,,,,,,,,"222855084","N","V","2024-12-01"
"2024-10-02","1","GOA_GOATWIND","QGRAN3","3.5","27.72",,,,,,,,,,,,,,,,,,,"jjzJIdTuJ","N","V","2024-12-01"
"2024-10-02","1","GOA_GOATWIND","QGRAN3","3.5","29.56",,,,,,,,,,,,,,,,,,,"dvNp47I1ti","N","V","2024-12-01"
"2024-10-02","1","GOA_GOATWIND","QGRAN3","3.5","31.98",,,,,,,,,,,,,,,,,,,"QWfHw38lCu","N","V","2024-12-01"
"2024-10-02","1","GOA_GOATWIND","QGRAN3","3.5","34.7",,,,,,,,,,,,,,,,,,,"C9BySzlAWR","N","V","2024-12-01"
"2024-10-02","1","GOA_GOATWIND","QGRAN3","3.9","21.12",,,,,,,,,,,,,,,,,,,"4U9W7UUfhw","N","V","2024-12-01"
"2024-10-02","1","GOA_GOATWIND","QGRAN3","3.9","25.15",,,,,,,,,,,,,,,,,,,"cjDFEjPav","N","V","2024-12-01"
"2024-10-02","1","GOA_GOATWIND","QGRAN3","3.9","26.33",,,,,,,,,,,,,,,,,,,"hdKUX89oFa","N","V","2024-12-01"
"2024-10-02","1","GOA_GOATWIND","QGRAN3","4.2","22.04",,,,,,,,,,,,,,,,,,,"MXbnNp2X8b","N","V","2024-12-01"
"2024-10-02","1","GOA_GOATWIND","QGRAN3","4.2","22.96",,,,,,,,,,,,,,,,,,,"5pR2zwe7hH","N","V","2024-12-01"
"2024-10-02","1","GOA_GOATWIND","QGRAN3","4.2","23.89",,,,,,,,,,,,,,,,,,,"F4idJDzU3b","N","V","2024-12-01"
"2024-10-02","1","GOMZ_RN","QNABLA","1.4","115.21",,,,,,,,,,,,,,,,,,,"t311912","N","V","2024-12-01"
"2024-10-02","1","GRANDVW1_A_B","QGRIEQ","14.9","-13.73",,,,,,,,,,,,,,,,,,,"fysztb","N","C","2024-12-01"
"2024-10-02","1","GRANDVW1_A_B","QQDTT","1.0","19.59","1.0","17.63","1.0","15.68",,,,,,,,,,,,,,,"0110-YG-P_OP","N","C","2024-12-01"
"2024-10-02","1","GREASWOD_ALL","QAUROR","8.4","5000.0",,,,,,,,,,,,,,,,,,,"55dd3af0-c73","N","C","2024-12-01"
"2024-10-02","1","GREASWOD_ALL","QCWPE2","3.2","134.86",,,,,,,,,,,,,,,,,,,"1QiQaMZY","N","C","2024-12-01"
"2024-10-02","1","GRSES_UNIT1","QGRIEQ","13.7","58.54",,,,,,,,,,,,,,,,,,,"g5gtd1","N","C","2024-12-01"
"2024-10-02","1","GUNMTN_NODE","QCWPE2","3.2","61.32",,,,,,,,,,,,,,,,,,,"dRjGAtgJ","N","C","2024-12-01"
"2024-10-02","1","GUNMTN_NODE","QGRIEQ","6.7","58.54",,,,,,,,,,,,,,,,,,,"u3clux","N","C","2024-12-01"
"2024-10-02","1","GUNMTN_NODE","QZANDY","2.0","-37.1",,,,,,,,,,,,,,,,,,,"ABS7","N","V","2024-12-01"
"2024-10-02","1","GUNMTN_NODE","QZANDY","2.0","-47.1",,,,,,,,,,,,,,,,,,,"ABS8","N","V","2024-12-01"
"2024-10-02","1","GUNMTN_NODE","QZANDY","2.0","-70.0",,,,,,,,,,,,,,,,,,,"ABS5","N","V","2024-12-01"
"2024-10-02","1","GUNMTN_NODE","QZANDY","3.0","-135.0",,,,,,,,,,,,,,,,,,,"ABS4","N","V","2024-12-01"
"2024-10-02","1","GUNMTN_NODE","QZANDY","3.0","-91.0",,,,,,,,,,,,,,,,,,,"ABS6","N","V","2024-12-01"
"2024-10-02","1","GWEC_G1","QGRAN3","3.9","23.45",,,,,,,,,,,,,,,,,,,"jmrvlPEMB","N","V","2024-12-01"
"2024-10-02","1","GWEC_G1","QGRAN3","4.2","22.85",,,,,,,,,,,,,,,,,,,"PJdGdG80C8","N","V","2024-12-01"
"2024-10-02","1","GWEC_G1","QGRAN3","4.9","22.37",,,,,,,,,,,,,,,,,,,"QWNjnhG1KK","N","V","2024-12-01"
"2024-10-02","1","GWEC_G1","QGRAN3","5.6","21.35",,,,,,,,,,,,,,,,,,,"cEB0FAEzDn","N","V","2024-12-01"
"2024-10-02","1","GWEC_G1","QGRAN3","6.0","20.85",,,,,,,,,,,,,,,,,,,"zHjIE4Bftc","N","V","2024-12-01"
"2024-10-02","1","HB_BUSAVG","QAMPL1","1.0","2500.0",,,,,,,,,,,,,,,,,,,"222856303","N","V","2024-12-01"
"2024-10-02","1","HB_BUSAVG","QGRAN3","1.0","23.05",,,,,,,,,,,,,,,,,,,"ah6MvqMujL","N","V","2024-12-01"
"2024-10-02","1","HB_BUSAVG","QGRAN3","1.0","25.63",,,,,,,,,,,,,,,,,,,"T20Y6p0Ib6","N","V","2024-12-01"
"2024-10-02","1","HB_BUSAVG","QGRAN3","1.7","25.14",,,,,,,,,,,,,,,,,,,"pxAM6eoJS7","N","V","2024-12-01"
"2024-10-02","1","HB_BUSAVG","QGRAN3","2.1","23.52",,,,,,,,,,,,,,,,,,,"92rZQ0Zf0","N","V","2024-12-01"
"2024-10-02","1","HB_BUSAVG","QGRAN3","2.4","24.55",,,,,,,,,,,,,,,,,,,"nbl1r5GeJI","N","V","2024-12-01"
"2024-10-02","1","HB_BUSAVG","QGRAN3","2.7","23.98",,,,,,,,,,,,,,,,,,,"RE3INIbmMR","N","V","2024-12-01"
"2024-10-02","1","HB_BUSAVG","QNABLA","1.5","27.35",,,,,,,,,,,,,,,,,,,"t311935","N","V","2024-12-01"
"2024-10-02","1","HB_BUSAVG","QPEBSE","16.7","6.18",,,,,,,,,,,,,,,,,,,"AQ01","N","V","2024-12-01"
"2024-10-02","1","HB_BUSAVG","QPEBSE","2.0","13.93",,,,,,,,,,,,,,,,,,,"AQ05","N","V","2024-12-01"
"2024-10-02","1","HB_BUSAVG","QPEBSE","2.6","10.65",,,,,,,,,,,,,,,,,,,"AQ03","N","V","2024-12-01"
"2024-10-02","1","HB_BUSAVG","QPEBSE","4.8","8.8",,,,,,,,,,,,,,,,,,,"AQ02","N","V","2024-12-01"
"2024-10-02","1","HB_BUSAVG","QPEBSE","6.4","11.12",,,,,,,,,,,,,,,,,,,"AQ04","N","V","2024-12-01"
"2024-10-02","1","HB_BUSAVG","QTHORD","15.0","270.9",,,,,,,,,,,,,,,,,,,"12","N","V","2024-12-01"
"2024-10-02","1","HB_HOUSTON","QAXPO","11.0","50.0",,,,,,,,,,,,,,,,,,,"HB_HOU_1002R","N","V","2024-12-01"
"2024-10-02","1","HB_HOUSTON","QBBEN1","5.0","14.0",,,,,,,,,,,,,,,,,,,"100133618003","N","V","2024-12-01"
"2024-10-02","1","HB_HOUSTON","QBBEN1","5.0","7.5",,,,,,,,,,,,,,,,,,,"100133618001","N","V","2024-12-01"
"2024-10-02","1","HB_HOUSTON","QBBEN1","5.0","7.5",,,,,,,,,,,,,,,,,,,"100133618019","N","V","2024-12-01"
"2024-10-02","1","HB_HOUSTON","QBBEN1","7.0","13.02",,,,,,,,,,,,,,,,,,,"100133618012","N","V","2024-12-01"
"2024-10-02","1","HB_HOUSTON","QCALP","2491.0","250.0",,,,,,,,,,,,,,,,,,,"000002","N","V","2024-12-01"
"2024-10-02","1","HB_HOUSTON","QCALP3","13.0","200.0",,,,,,,,,,,,,,,,,,,"000001","N","V","2024-12-01"
"2024-10-02","1","HB_HOUSTON","QCASS8","4.5","30.74",,,,,,,,,,,,,,,,,,,"222872721","N","V","2024-12-01"
"2024-10-02","1","HB_HOUSTON","QCASS8","5.0","23.09",,,,,,,,,,,,,,,,,,,"222872725","N","V","2024-12-01"
"2024-10-02","1","HB_HOUSTON","QCASS8","5.0","24.65",,,,,,,,,,,,,,,,,,,"222872724","N","V","2024-12-01"
"2024-10-02","1","HB_HOUSTON","QCASS8","5.0","26.22",,,,,,,,,,,,,,,,,,,"222872723","N","V","2024-12-01"
"2024-10-02","1","HB_HOUSTON","QCASS8","5.0","28.08",,,,,,,,,,,,,,,,,,,"222872722","N","V","2024-12-01"
"2024-10-02","1","HB_HOUSTON","QCITAD","272.0","35.0",,,,,,,,,,,,,,,,,,,"105424","N","F","2024-12-01"
"2024-10-02","1","HB_HOUSTON","QECNR","1.0","500.0","1.0","7.92","1.0","6.54","1.0","5.65","1.0","4.82","1.0","4.07","2.0","3.48","2.0","2.76","2.0","1.75","2.0","-0.7","1238","N","C","2024-12-01"
"2024-10-02","1","HB_HOUSTON","QENEF","4.0","100.0",,,,,,,,,,,,,,,,,,,"qenef","N","V","2024-12-01"
"2024-10-02","1","HB_HOUSTON","QFPL22","2.0","500.0",,,,,,,,,,,,,,,,,,,"MD1","Y","F","2024-12-01"
"2024-10-02","1","HB_HOUSTON","QFPL38","1.0","2000.0",,,,,,,,,,,,,,,,,,,"housbid","N","V","2024-12-01"
"2024-10-02","1","HB_HOUSTON","QFRONT","25.0","500.0",,,,,,,,,,,,,,,,,,,"HBHBID","N","V","2024-12-01"
"2024-10-02","1","HB_HOUSTON","QGEXA","80.0","500.0",,,,,,,,,,,,,,,,,,,"100224HBID","N","V","2024-12-01"
"2024-10-02","1","HB_HOUSTON","QGEXA1","1.0","500.0",,,,,,,,,,,,,,,,,,,"100224HBID","N","V","2024-12-01"
"2024-10-02","1","HB_HOUSTON","QHEBER","10.0","20.33","20.0","19.87",,,,,,,,,,,,,,,,,"TT61","N","C","2024-12-01"
"2024-10-02","1","HB_HOUSTON","QJARON","115.7","200.0",,,,,,,,,,,,,,,,,,,"241002Dec","N","C","2024-12-01"
"2024-10-02","1","HB_HOUSTON","QJUSL1","193.0","100.0",,,,,,,,,,,,,,,,,,,"B102HSQ1","N","V","2024-12-01"
"2024-10-02","1","HB_HOUSTON","QJUSL2","126.0","100.0",,,,,,,,,,,,,,,,,,,"B102HSQ2","N","V","2024-12-01"
"2024-10-02","1","HB_HOUSTON","QMACQ","29.0","500.0",,,,,,,,,,,,,,,,,,,"RF28","N","V","2024-12-01"
"2024-10-02","1","HB_HOUSTON","QMORG","99.1","500.0",,,,,,,,,,,,,,,,,,,"593441866278","N","C","2024-12-01"
"2024-10-02","1","HB_HOUSTON","QNABLA","1.5","26.4",,,,,,,,,,,,,,,,,,,"t311936","N","V","2024-12-01"
"2024-10-02","1","HB_HOUSTON","QRSQUA","101.0","35.0",,,,,,,,,,,,,,,,,,,"210372029325","N","V","2024-12-01"
"2024-10-02","1","HB_HOUSTON","QSPANS","10.0","13.9",,,,,,,,,,,,,,,,,,,"653481","N","V","2024-12-01"
"2024-10-02","1","HB_HOUSTON","QSUEZ1","21.0","150.0",,,,,,,,,,,,,,,,,,,"100632","N","V","2024-12-01"
"2024-10-02","1","HB_HOUSTON","QTEN20","200.0","500.0",,,,,,,,,,,,,,,,,,,"HRCO_CB1_MER","Y","F","2024-12-01"
"2024-10-02","1","HB_HOUSTON","QTEN20","200.0","500.0",,,,,,,,,,,,,,,,,,,"HRCO_CB2_MER","Y","F","2024-12-01"
"2024-10-02","1","HB_HOUSTON","QTEN20","40.0","500.0",,,,,,,,,,,,,,,,,,,"HRCO_CB_TTL","Y","F","2024-12-01"
"2024-10-02","1","HB_HOUSTON","QTOTL8","100.0","50.0",,,,,,,,,,,,,,,,,,,"DART-HH-Buy","N","F","2024-12-01"
"2024-10-02","1","HB_HUBAVG","QDCEN1","50.0","100.0",,,,,,,,,,,,,,,,,,,"333-1","N","V","2024-12-01"
"2024-10-02","1","HB_HUBAVG","QGRAN3","1.0","22.62",,,,,,,,,,,,,,,,,,,"TlXfkFA4Ni","N","V","2024-12-01"
"2024-10-02","1","HB_HUBAVG","QGRAN3","1.0","27.25",,,,,,,,,,,,,,,,,,,"AgbHVoVqbb","N","V","2024-12-01"
"2024-10-02","1","HB_HUBAVG","QGRAN3","1.0","28.07",,,,,,,,,,,,,,,,,,,"fo1o1fV3aS","N","V","2024-12-01"
"2024-10-02","1","HB_HUBAVG","QGRAN3","1.3","26.61",,,,,,,,,,,,,,,,,,,"QHByV2QPen","N","V","2024-12-01"
"2024-10-02","1","HB_HUBAVG","QGRAN3","1.7","26.1",,,,,,,,,,,,,,,,,,,"xpLsEY40EG","N","V","2024-12-01"
"2024-10-02","1","HB_HUBAVG","QGRAN3","1.8","23.36",,,,,,,,,,,,,,,,,,,"L7eHhRKk9","N","V","2024-12-01"
"2024-10-02","1","HB_HUBAVG","QGRAN3","1.9","25.47",,,,,,,,,,,,,,,,,,,"gmn2WibIOr","N","V","2024-12-01"
"2024-10-02","1","HB_HUBAVG","QGRAN3","2.1","24.06",,,,,,,,,,,,,,,,,,,"KTne5JHbJM","N","V","2024-12-01"
"2024-10-02","1","HB_HUBAVG","QGRAN3","2.2","24.7",,,,,,,,,,,,,,,,,,,"iuH1TJK7sg","N","V","2024-12-01"
"2024-10-02","1","HB_HUBAVG","QHEBER","10.0","28.65","20.0","27.82","30.0","22.87","40.0","18.33","50.0","18.16","60.0","18.14","70.0","17.43",,,,,,,"TT61","N","C","2024-12-01"
"2024-10-02","1","HB_HUBAVG","QNABLA","1.5","31.61",,,,,,,,,,,,,,,,,,,"t311931","N","V","2024-12-01"
"2024-10-02","1","HB_HUBAVG","QSTRAT","200.0","23.87",,,,,,,,,,,,,,,,,,,"222893692","N","V","2024-12-01"
"2024-10-02","1","HB_HUBAVG","QTHUNH","15.0","21.8",,,,,,,,,,,,,,,,,,,"222869500","N","V","2024-12-01"
"2024-10-02","1","HB_HUBAVG","QTXAPI","142.9","24.5","157.9","23.83","176.5","23.17","200.0","22.5","230.8","21.83","272.7","21.17","333.3","20.5","428.6","19.83","600.0","19.17","1000.0","18.5","TwSGCD8VQ79","N","C","2024-12-01"
"2024-10-02","1","HB_NORTH","QALTRE","19.9","400.0",,,,,,,,,,,,,,,,,,,"uploader","N","C","2024-12-01"
"2024-10-02","1","HB_NORTH","QATPWR","439.0","75.09",,,,,,,,,,,,,,,,,,,"NOff","Y","F","2024-12-01"
"2024-10-02","1","HB_NORTH","QBARTO","113.7","30.08",,,,,,,,,,,,,,,,,,,"20241002","N","F","2024-12-01"
"2024-10-02","1","HB_NORTH","QCALP","306.0","250.0",,,,,,,,,,,,,,,,,,,"000001","N","V","2024-12-01"
"2024-10-02","1","HB_NORTH","QCALP3","18.0","200.0",,,,,,,,,,,,,,,,,,,"000002","N","V","2024-12-01"
"2024-10-02","1","HB_NORTH","QCASS8","5.0","20.94",,,,,,,,,,,,,,,,,,,"222872730","N","V","2024-12-01"
"2024-10-02","1","HB_NORTH","QCASS8","5.0","22.44",,,,,,,,,,,,,,,,,,,"222872729","N","V","2024-12-01"
"2024-10-02","1","HB_NORTH","QCASS8","5.0","23.72",,,,,,,,,,,,,,,,,,,"222872728","N","V","2024-12-01"
"2024-10-02","1","HB_NORTH","QCASS8","5.0","25.14",,,,,,,,,,,,,,,,,,,"222872727","N","V","2024-12-01"
"2024-10-02","1","HB_NORTH","QCASS8","5.0","27.2",,,,,,,,,,,,,,,,,,,"222872726","N","V","2024-12-01"
"2024-10-02","1","HB_NORTH","QCITAD","100.0","18.0",,,,,,,,,,,,,,,,,,,"105431","Y","F","2024-12-01"
"2024-10-02","1","HB_NORTH","QEAGL","175.4","250.0",,,,,,,,,,,,,,,,,,,"ETPMN-031","N","V","2024-12-01"
"2024-10-02","1","HB_NORTH","QEAGL","200.0","19.5",,,,,,,,,,,,,,,,,,,"ETPMN-036","Y","V","2024-12-01"
"2024-10-02","1","HB_NORTH","QEAGL","200.0","20.5",,,,,,,,,,,,,,,,,,,"ETPMN-035","Y","V","2024-12-01"
"2024-10-02","1","HB_NORTH","QECNR","30.0","500.0","30.0","7.7","30.0","6.41","30.0","5.51","30.0","4.84","30.0","4.16","31.0","3.45","31.0","2.65","31.0","1.58","31.0","-0.66","1238","N","C","2024-12-01"
"2024-10-02","1","HB_NORTH","QEDES","26.0","40.0",,,,,,,,,,,,,,,,,,,"ESMU40-51","N","V","2024-12-01"
"2024-10-02","1","HB_NORTH","QEDF39","300.0","799.0",,,,,,,,,,,,,,,,,,,"ETT1Y001","Y","V","2024-12-01"
"2024-10-02","1","HB_NORTH","QENDU1","50.0","20.0",,,,,,,,,,,,,,,,,,,"RTD2","Y","F","2024-12-01"
"2024-10-02","1","HB_NORTH","QENDU1","50.0","23.0",,,,,,,,,,,,,,,,,,,"RTD1","Y","F","2024-12-01"
"2024-10-02","1","HB_NORTH","QENDUR","500.0","23.0",,,,,,,,,,,,,,,,,,,"J01","Y","F","2024-12-01"
"2024-10-02","1","HB_NORTH","QENDUR","500.0","24.0",,,,,,,,,,,,,,,,,,,"JB1","Y","F","2024-12-01"
"2024-10-02","1","HB_NORTH","QEXELO","2765.0","378.0","2903.0","189.0",,,,,,,,,,,,,,,,,"455672","N","C","2024-12-01"
"2024-10-02","1","HB_NORTH","QFPL22","65.0","500.0",,,,,,,,,,,,,,,,,,,"MD1","Y","F","2024-12-01"
"2024-10-02","1","HB_NORTH","QFPL38","9.3","2000.0",,,,,,,,,,,,,,,,,,,"northbid","N","V","2024-12-01"
"2024-10-02","1","HB_NORTH","QFPLE4","483.5","200.0",,,,,,,,,,,,,,,,,,,"NZB","N","V","2024-12-01"
"2024-10-02","1","HB_NORTH","QFRONT","17.0","500.0",,,,,,,,,,,,,,,,,,,"HBNBID","N","V","2024-12-01"
"2024-10-02","1","HB_NORTH","QGEXA","96.0","500.0",,,,,,,,,,,,,,,,,,,"100224NBID","N","V","2024-12-01"
"2024-10-02","1","HB_NORTH","QGEXA1","4.0","500.0",,,,,,,,,,,,,,,,,,,"100224NBID","N","V","2024-12-01"
"2024-10-02","1","HB_NORTH","QGOLD","2.6","33.23",,,,,,,,,,,,,,,,,,,"GW_EOB","N","C","2024-12-01"
"2024-10-02","1","HB_NORTH","QGRAN3","1.0","19.68",,,,,,,,,,,,,,,,,,,"kyjlZiYzmX","N","V","2024-12-01"
"2024-10-02","1","HB_NORTH","QGRAN3","1.0","22.21",,,,,,,,,,,,,,,,,,,"pkQvHCEhDw","N","V","2024-12-01"
"2024-10-02","1","HB_NORTH","QGRAN3","1.3","21.66",,,,,,,,,,,,,,,,,,,"795bxhT7W","N","V","2024-12-01"
"2024-10-02","1","HB_NORTH","QGRAN3","1.8","20.23",,,,,,,,,,,,,,,,,,,"2TNdC3L7D","N","V","2024-12-01"
"2024-10-02","1","HB_NORTH","QGRAN3","1.8","21.2",,,,,,,,,,,,,,,,,,,"Bg33bAkIsm","N","V","2024-12-01"
"2024-10-02","1","HB_NORTH","QGRAN3","1.9","20.77",,,,,,,,,,,,,,,,,,,"o7Oy9KUliY","N","V","2024-12-01"
"2024-10-02","1","HB_NORTH","QHEBER","10.0","26.53","20.0","25.26",,,,,,,,,,,,,,,,,"TT61","N","C","2024-12-01"
"2024-10-02","1","HB_NORTH","QJARON","351.3","200.0",,,,,,,,,,,,,,,,,,,"241002Dec","N","C","2024-12-01"
"2024-10-02","1","HB_NORTH","QJUSL1","115.0","100.0",,,,,,,,,,,,,,,,,,,"B102NSQ1","N","V","2024-12-01"
"2024-10-02","1","HB_NORTH","QJUSL2","89.0","100.0",,,,,,,,,,,,,,,,,,,"B102NSQ2","N","V","2024-12-01"
"2024-10-02","1","HB_NORTH","QLCRA","350.0","1000.0",,,,,,,,,,,,,,,,,,,"HB_N","N","V","2024-12-01"
"2024-10-02","1","HB_NORTH","QLUMN","1700.0","400.0",,,,,,,,,,,,,,,,,,,"BO1860047","Y","V","2024-12-01"
"2024-10-02","1","HB_NORTH","QLUMN","307.0","48.09",,,,,,,,,,,,,,,,,,,"1116013144","N","C","2024-12-01"
"2024-10-02","1","HB_NORTH","QLUMN","383.8","350.0",,,,,,,,,,,,,,,,,,,"806003300","N","C","2024-12-01"
"2024-10-02","1","HB_NORTH","QMACQ","14.0","500.0",,,,,,,,,,,,,,,,,,,"RF28","N","V","2024-12-01"
"2024-10-02","1","HB_NORTH","QMAGNO","25.0","20.0",,,,,,,,,,,,,,,,,,,"1stbuy","N","V","2024-12-01"
"2024-10-02","1","HB_NORTH","QMAGNO","25.0","21.0",,,,,,,,,,,,,,,,,,,"3rdbuy","Y","V","2024-12-01"
"2024-10-02","1","HB_NORTH","QMEA","400.0","19.5",,,,,,,,,,,,,,,,,,,"LL18","Y","V","2024-12-01"
"2024-10-02","1","HB_NORTH","QMEA","50.0","16.0",,,,,,,,,,,,,,,,,,,"GA3","Y","V","2024-12-01"
"2024-10-02","1","HB_NORTH","QMERRL","46.3","258.08",,,,,,,,,,,,,,,,,,,"JC1","Y","F","2024-12-01"
"2024-10-02","1","HB_NORTH","QMITSU","100.0","24.0",,,,,,,,,,,,,,,,,,,"dh_b_virt","N","V","2024-12-01"
"2024-10-02","1","HB_NORTH","QNORT","4.5","4500.0",,,,,,,,,,,,,,,,,,,"222872782","N","V","2024-12-01"
"2024-10-02","1","HB_NORTH","QORSTE","200.0","20.05",,,,,,,,,,,,,,,,,,,"222892935","Y","F","2024-12-01"
"2024-10-02","1","HB_NORTH","QORSTE","200.0","22.05",,,,,,,,,,,,,,,,,,,"222892934","Y","F","2024-12-01"
"2024-10-02","1","HB_NORTH","QORSTE","200.0","24.05",,,,,,,,,,,,,,,,,,,"222892933","Y","F","2024-12-01"
"2024-10-02","1","HB_NORTH","QREDOA","15.0","25.0",,,,,,,,,,,,,,,,,,,"11111","Y","V","2024-12-01"
"2024-10-02","1","HB_NORTH","QREDOA","5.0","20.0",,,,,,,,,,,,,,,,,,,"aling","N","V","2024-12-01"
"2024-10-02","1","HB_NORTH","QRSQUA","122.0","35.0",,,,,,,,,,,,,,,,,,,"210372029325","N","V","2024-12-01"
"2024-10-02","1","HB_NORTH","QSHELL","374.0","100.0",,,,,,,,,,,,,,,,,,,"SP32","N","V","2024-12-01"
"2024-10-02","1","HB_NORTH","QSHELL","5.0","18.63",,,,,,,,,,,,,,,,,,,"JJ5","Y","F","2024-12-01"
"2024-10-02","1","HB_NORTH","QSPANS","7.0","11.59",,,,,,,,,,,,,,,,,,,"653482","N","V","2024-12-01"
"2024-10-02","1","HB_NORTH","QSUEZ1","81.0","150.0",,,,,,,,,,,,,,,,,,,"100613","N","V","2024-12-01"
"2024-10-02","1","HB_NORTH","QTEN20","300.0","500.0",,,,,,,,,,,,,,,,,,,"HRCO_WH_MER","Y","F","2024-12-01"
"2024-10-02","1","HB_NORTH","QTEN20","60.0","500.0",,,,,,,,,,,,,,,,,,,"HRCO_WH_TTL","N","F","2024-12-01"
"2024-10-02","1","HB_NORTH","QTENSK","10.0","25.0",,,,,,,,,,,,,,,,,,,"02102024ELC","Y","V","2024-12-01"
"2024-10-02","1","HB_NORTH","QTENSK","10.0","25.0",,,,,,,,,,,,,,,,,,,"02102024HCC","Y","V","2024-12-01"
"2024-10-02","1","HB_NORTH","QTENSK","10.0","30.0",,,,,,,,,,,,,,,,,,,"02102024ELB","Y","V","2024-12-01"
"2024-10-02","1","HB_NORTH","QTENSK","10.0","30.0",,,,,,,,,,,,,,,,,,,"02102024HCB","Y","V","2024-12-01"
"2024-10-02","1","HB_NORTH","QTENSK","12.0","35.0",,,,,,,,,,,,,,,,,,,"02102024HCA","Y","V","2024-12-01"
"2024-10-02","1","HB_NORTH","QTENSK","16.0","35.0",,,,,,,,,,,,,,,,,,,"02102024ELA","Y","V","2024-12-01"
"2024-10-02","1","HB_NORTH","QTENSK","45.0","37.0",,,,,,,,,,,,,,,,,,,"19_1024_2985","Y","F","2024-12-01"
"2024-10-02","1","HB_NORTH","QTHORD","10.0","80.0",,,,,,,,,,,,,,,,,,,"12","N","V","2024-12-01"
"2024-10-02","1","HB_NORTH","QTRREN","26.7","17.79",,,,,,,,,,,,,,,,,,,"222855892","N","V","2024-12-01"
"2024-10-02","1","HB_NORTH","QTRREN","26.7","18.58",,,,,,,,,,,,,,,,,,,"222855890","N","V","2024-12-01"
"2024-10-02","1","HB_NORTH","QTRREN","26.7","19.37",,,,,,,,,,,,,,,,,,,"222855893","N","V","2024-12-01"
"2024-10-02","1","HB_NORTH","QTRREN","26.7","20.16",,,,,,,,,,,,,,,,,,,"222855881","N","V","2024-12-01"
"2024-10-02","1","HB_NORTH","QTRREN","26.7","20.95",,,,,,,,,,,,,,,,,,,"222855895","N","V","2024-12-01"
"2024-10-02","1","HB_NORTH","QTRREN","26.7","21.74",,,,,,,,,,,,,,,,,,,"222855887","N","V","2024-12-01"
"2024-10-02","1","HB_NORTH","QTRREN","26.7","22.53",,,,,,,,,,,,,,,,,,,"222855882","N","V","2024-12-01"
"2024-10-02","1","HB_NORTH","QTRREN","26.7","23.32",,,,,,,,,,,,,,,,,,,"222855883","N","V","2024-12-01"
"2024-10-02","1","HB_NORTH","QTRREN","26.7","24.11",,,,,,,,,,,,,,,,,,,"222855894","N","V","2024-12-01"
"2024-10-02","1","HB_NORTH","QTRREN","26.7","24.9",,,,,,,,,,,,,,,,,,,"222855880","N","V","2024-12-01"
"2024-10-02","1","HB_NORTH","QTRREN","26.7","25.69",,,,,,,,,,,,,,,,,,,"222855884","N","V","2024-12-01"
"2024-10-02","1","HB_NORTH","QTRREN","26.7","26.48",,,,,,,,,,,,,,,,,,,"222855888","N","V","2024-12-01"
"2024-10-02","1","HB_NORTH","QTRREN","26.7","27.27",,,,,,,,,,,,,,,,,,,"222855885","N","V","2024-12-01"
"2024-10-02","1","HB_NORTH","QTRREN","26.7","28.06",,,,,,,,,,,,,,,,,,,"222855889","N","V","2024-12-01"
"2024-10-02","1","HB_NORTH","QTRREN","26.7","28.85",,,,,,,,,,,,,,,,,,,"222855886","N","V","2024-12-01"
"2024-10-02","1","HB_NORTH","QWEST2","150.0","18.8",,,,,,,,,,,,,,,,,,,"222891617","N","V","2024-12-01"
"2024-10-02","1","HB_PAN","QBBEN1","3.0","-6.5",,,,,,,,,,,,,,,,,,,"100133618014","N","V","2024-12-01"
"2024-10-02","1","HB_PAN","QBBEN1","5.0","-11.0",,,,,,,,,,,,,,,,,,,"100133618013","N","V","2024-12-01"
"2024-10-02","1","HB_PAN","QGRAN3","1.0","11.81",,,,,,,,,,,,,,,,,,,"kK7xT4GdUT","N","V","2024-12-01"
"2024-10-02","1","HB_PAN","QGRAN3","1.0","20.1",,,,,,,,,,,,,,,,,,,"RMQzhwt0w","N","V","2024-12-01"
"2024-10-02","1","HB_PAN","QGRAN3","1.0","20.92",,,,,,,,,,,,,,,,,,,"Vj4Z0TwTFb","N","V","2024-12-01"
"2024-10-02","1","HB_PAN","QGRAN3","1.2","19.34",,,,,,,,,,,,,,,,,,,"iQnak37sa","N","V","2024-12-01"
"2024-10-02","1","HB_PAN","QGRAN3","1.3","13.4",,,,,,,,,,,,,,,,,,,"wX0jIKDyrF","N","V","2024-12-01"
"2024-10-02","1","HB_PAN","QGRAN3","1.4","18.53",,,,,,,,,,,,,,,,,,,"njkDFfiP2c","N","V","2024-12-01"
"2024-10-02","1","HB_PAN","QGRAN3","1.6","14.64",,,,,,,,,,,,,,,,,,,"OWN4qpKzop","N","V","2024-12-01"
"2024-10-02","1","HB_PAN","QGRAN3","1.6","17.68",,,,,,,,,,,,,,,,,,,"HHpqCwEcu7","N","V","2024-12-01"
"2024-10-02","1","HB_PAN","QGRAN3","1.7","15.82",,,,,,,,,,,,,,,,,,,"jzzdWFVzE","N","V","2024-12-01"
"2024-10-02","1","HB_PAN","QGRAN3","1.7","16.8",,,,,,,,,,,,,,,,,,,"WL62RuYeVU","N","V","2024-12-01"
"2024-10-02","1","HB_PAN","QGRIEQ","18.3","-13.73",,,,,,,,,,,,,,,,,,,"w8lb0m","N","C","2024-12-01"
"2024-10-02","1","HB_PAN","QMACE2","44.0","18.02",,,,,,,,,,,,,,,,,,,"d02","N","V","2024-12-01"
"2024-10-02","1","HB_PAN","QNABLA","1.5","21.82",,,,,,,,,,,,,,,,,,,"t311933","N","V","2024-12-01"
"2024-10-02","1","HB_PAN","QQDTT","4.0","19.73","4.0","17.76","4.0","15.79",,,,,,,,,,,,,,,"0126-YG-P_OP","N","C","2024-12-01"
"2024-10-02","1","HB_PAN","QRSQUA","66.0","80.0",,,,,,,,,,,,,,,,,,,"210372029325","N","V","2024-12-01"
"2024-10-02","1","HB_PAN","QWEST1","33.3","450.0",,,,,,,,,,,,,,,,,,,"222861734","N","V","2024-12-01"
"2024-10-02","1","HB_PAN","QZANDY","1.0","-28.58",,,,,,,,,,,,,,,,,,,"ABS58","N","V","2024-12-01"
"2024-10-02","1","HB_PAN","QZANDY","1.0","-29.26",,,,,,,,,,,,,,,,,,,"ABS56","N","V","2024-12-01"
"2024-10-02","1","HB_PAN","QZANDY","1.0","-30.06",,,,,,,,,,,,,,,,,,,"ABS57","N","V","2024-12-01"
"2024-10-02","1","HB_PAN","QZANDY","1.0","-30.88",,,,,,,,,,,,,,,,,,,"ABS55","N","V","2024-12-01"
"2024-10-02","1","HB_SOUTH","QALTRE","18.8","400.0",,,,,,,,,,,,,,,,,,,"uploader","N","C","2024-12-01"
"2024-10-02","1","HB_SOUTH","QAMA","1.0","26.6","2.0","18.7",,,,,,,,,,,,,,,,,"241002HBSOUB","N","C","2024-12-01"
"2024-10-02","1","HB_SOUTH","QCALP","776.0","250.0",,,,,,,,,,,,,,,,,,,"000003","N","V","2024-12-01"
"2024-10-02","1","HB_SOUTH","QCASS8","2.6","23.2",,,,,,,,,,,,,,,,,,,"222872735","N","V","2024-12-01"
"2024-10-02","1","HB_SOUTH","QCASS8","3.9","28.99",,,,,,,,,,,,,,,,,,,"222872731","N","V","2024-12-01"
"2024-10-02","1","HB_SOUTH","QCASS8","5.0","24.44",,,,,,,,,,,,,,,,,,,"222872734","N","V","2024-12-01"
"2024-10-02","1","HB_SOUTH","QCASS8","5.0","25.8",,,,,,,,,,,,,,,,,,,"222872733","N","V","2024-12-01"
"2024-10-02","1","HB_SOUTH","QCASS8","5.0","27.32",,,,,,,,,,,,,,,,,,,"222872732","N","V","2024-12-01"
"2024-10-02","1","HB_SOUTH","QCITAD","7.0","35.0",,,,,,,,,,,,,,,,,,,"105426","N","F","2024-12-01"
"2024-10-02","1","HB_SOUTH","QCPSE","100.0","301.0",,,,,,,,,,,,,,,,,,,"24450","N","V","2024-12-01"
"2024-10-02","1","HB_SOUTH","QCPSE","100.0","301.0",,,,,,,,,,,,,,,,,,,"24452","N","V","2024-12-01"
"2024-10-02","1","HB_SOUTH","QCPSE","50.0","301.0",,,,,,,,,,,,,,,,,,,"24165","N","V","2024-12-01"
"2024-10-02","1","HB_SOUTH","QCPSE","50.0","301.0",,,,,,,,,,,,,,,,,,,"24173","N","V","2024-12-01"
"2024-10-02","1","HB_SOUTH","QCPSE","50.0","301.0",,,,,,,,,,,,,,,,,,,"24177","N","V","2024-12-01"
"2024-10-02","1","HB_SOUTH","QCPSE","50.0","301.0",,,,,,,,,,,,,,,,,,,"24178","N","V","2024-12-01"
"2024-10-02","1","HB_SOUTH","QCPSE","50.0","301.0",,,,,,,,,,,,,,,,,,,"24248","N","V","2024-12-01"
"2024-10-02","1","HB_SOUTH","QCPSE","50.0","301.0",,,,,,,,,,,,,,,,,,,"24250","N","V","2024-12-01"
"2024-10-02","1","HB_SOUTH","QCPSE","50.0","301.0",,,,,,,,,,,,,,,,,,,"24449","N","V","2024-12-01"
"2024-10-02","1","HB_SOUTH","QCPSE","50.0","301.0",,,,,,,,,,,,,,,,,,,"24451","N","V","2024-12-01"
"2024-10-02","1","HB_SOUTH","QCPSE","50.0","301.0",,,,,,,,,,,,,,,,,,,"24453","N","V","2024-12-01"
"2024-10-02","1","HB_SOUTH","QECNR","126.0","500.0","126.0","7.6","126.0","6.37","126.0","5.41","126.0","4.62","126.0","4.02","127.0","3.44","127.0","2.61","127.0","1.74","127.0","-0.54","1238","N","C","2024-12-01"
"2024-10-02","1","HB_SOUTH","QFPLE4","274.0","200.0",,,,,,,,,,,,,,,,,,,"SZB","N","V","2024-12-01"
"2024-10-02","1","HB_SOUTH","QGESTE","2.0","200.0",,,,,,,,,,,,,,,,,,,"Gest_BID_M","N","V","2024-12-01"
"2024-10-02","1","HB_SOUTH","QGEXA","27.0","500.0",,,,,,,,,,,,,,,,,,,"100224SBID","N","V","2024-12-01"
"2024-10-02","1","HB_SOUTH","QGEXA1","3.0","500.0",,,,,,,,,,,,,,,,,,,"100224SBID","N","V","2024-12-01"
"2024-10-02","1","HB_SOUTH","QGRAN3","10.4","23.98",,,,,,,,,,,,,,,,,,,"JnSamG6Vlm","N","V","2024-12-01"
"2024-10-02","1","HB_SOUTH","QGRAN3","10.7","25.99",,,,,,,,,,,,,,,,,,,"qXhvjHrm9I","N","V","2024-12-01"
"2024-10-02","1","HB_SOUTH","QGRAN3","11.1","25.54",,,,,,,,,,,,,,,,,,,"fNToT9g8xq","N","V","2024-12-01"
"2024-10-02","1","HB_SOUTH","QGRAN3","11.6","25.08",,,,,,,,,,,,,,,,,,,"OuNvidNC7R","N","V","2024-12-01"
"2024-10-02","1","HB_SOUTH","QGRAN3","11.8","24.57",,,,,,,,,,,,,,,,,,,"sncBddjh3","N","V","2024-12-01"
"2024-10-02","1","HB_SOUTH","QGRAN3","2.6","29.1",,,,,,,,,,,,,,,,,,,"zpJc1NP13","N","V","2024-12-01"
"2024-10-02","1","HB_SOUTH","QGRAN3","4.5","28.41",,,,,,,,,,,,,,,,,,,"hQv5Jead4E","N","V","2024-12-01"
"2024-10-02","1","HB_SOUTH","QGRAN3","6.6","27.7",,,,,,,,,,,,,,,,,,,"OJQ8XjVOYv","N","V","2024-12-01"
"2024-10-02","1","HB_SOUTH","QGRAN3","8.1","27.16",,,,,,,,,,,,,,,,,,,"nUMWXJYTN5","N","V","2024-12-01"
"2024-10-02","1","HB_SOUTH","QGRAN3","9.4","26.57",,,,,,,,,,,,,,,,,,,"XNwDTkyL3U","N","V","2024-12-01"
"2024-10-02","1","HB_SOUTH","QHEBER","10.0","28.54","20.0","23.26","30.0","22.65",,,,,,,,,,,,,,,"TT61","N","C","2024-12-01"
"2024-10-02","1","HB_SOUTH","QINC1","3.0","30.12",,,,,,,,,,,,,,,,,,,"SQ1SHB100224","N","V","2024-12-01"
"2024-10-02","1","HB_SOUTH","QJUSL1","51.0","100.0",,,,,,,,,,,,,,,,,,,"B102SSQ1","N","V","2024-12-01"
"2024-10-02","1","HB_SOUTH","QJUSL2","24.0","100.0",,,,,,,,,,,,,,,,,,,"B102SSQ2","N","V","2024-12-01"
"2024-10-02","1","HB_SOUTH","QLCRA","100.0","1000.0",,,,,,,,,,,,,,,,,,,"HB_South","N","C","2024-12-01"
"2024-10-02","1","HB_SOUTH","QLUMN","526.0","350.0",,,,,,,,,,,,,,,,,,,"86800512","N","C","2024-12-01"
"2024-10-02","1","HB_SOUTH","QMACE1","2.0","399.13",,,,,,,,,,,,,,,,,,,"dlb13","N","V","2024-12-01"
"2024-10-02","1","HB_SOUTH","QMACQ","1.0","-200.0",,,,,,,,,,,,,,,,,,,"RF28","N","V","2024-12-01"
"2024-10-02","1","HB_SOUTH","QNABLA","1.5","31.54",,,,,,,,,,,,,,,,,,,"t311930","N","V","2024-12-01"
"2024-10-02","1","HB_SOUTH","QRSQUA","102.0","35.0",,,,,,,,,,,,,,,,,,,"210372029325","N","V","2024-12-01"
"2024-10-02","1","HB_SOUTH","QSHEL9","57.0","25.0",,,,,,,,,,,,,,,,,,,"GV2","N","V","2024-12-01"
"2024-10-02","1","HB_SOUTH","QSPANS","7.0","24.07",,,,,,,,,,,,,,,,,,,"653483","N","V","2024-12-01"
"2024-10-02","1","HB_SOUTH","QSUEZ1","17.0","150.0",,,,,,,,,,,,,,,,,,,"100620","N","V","2024-12-01"
"2024-10-02","1","HB_SOUTH","QTRREN","26.7","18.48",,,,,,,,,,,,,,,,,,,"222855921","N","V","2024-12-01"
"2024-10-02","1","HB_SOUTH","QTRREN","26.7","20.21",,,,,,,,,,,,,,,,,,,"222855917","N","V","2024-12-01"
"2024-10-02","1","HB_SOUTH","QTRREN","26.7","21.93",,,,,,,,,,,,,,,,,,,"222855932","N","V","2024-12-01"
"2024-10-02","1","HB_SOUTH","QTRREN","26.7","23.65",,,,,,,,,,,,,,,,,,,"222855926","N","V","2024-12-01"
"2024-10-02","1","HB_SOUTH","QTRREN","26.7","25.38",,,,,,,,,,,,,,,,,,,"222855930","N","V","2024-12-01"
"2024-10-02","1","HB_SOUTH","QTRREN","26.7","27.1",,,,,,,,,,,,,,,,,,,"222855929","N","V","2024-12-01"
"2024-10-02","1","HB_SOUTH","QTRREN","26.7","28.82",,,,,,,,,,,,,,,,,,,"222855928","N","V","2024-12-01"
"2024-10-02","1","HB_SOUTH","QTRREN","26.7","30.54",,,,,,,,,,,,,,,,,,,"222855931","N","V","2024-12-01"
"2024-10-02","1","HB_SOUTH","QTRREN","26.7","32.27",,,,,,,,,,,,,,,,,,,"222855923","N","V","2024-12-01"
"2024-10-02","1","HB_SOUTH","QTRREN","26.7","33.99",,,,,,,,,,,,,,,,,,,"222855922","N","V","2024-12-01"
"2024-10-02","1","HB_SOUTH","QTRREN","26.7","35.71",,,,,,,,,,,,,,,,,,,"222855927","N","V","2024-12-01"
"2024-10-02","1","HB_SOUTH","QTRREN","26.7","37.44",,,,,,,,,,,,,,,,,,,"222855919","N","V","2024-12-01"
"2024-10-02","1","HB_SOUTH","QTRREN","26.7","39.16",,,,,,,,,,,,,,,,,,,"222855920","N","V","2024-12-01"
"2024-10-02","1","HB_SOUTH","QTRREN","26.7","40.88",,,,,,,,,,,,,,,,,,,"222855918","N","V","2024-12-01"
"2024-10-02","1","HB_SOUTH","QTRREN","26.7","42.6",,,,,,,,,,,,,,,,,,,"222855925","N","V","2024-12-01"
"2024-10-02","1","HB_SOUTH","QWEST1","33.3","450.0",,,,,,,,,,,,,,,,,,,"222861735","N","V","2024-12-01"
"2024-10-02","1","HB_WEST","QALTRE","8.2","400.0",,,,,,,,,,,,,,,,,,,"uploader","N","C","2024-12-01"
"2024-10-02","1","HB_WEST","QBBEN1","10.0","22.0",,,,,,,,,,,,,,,,,,,"100133618017","N","V","2024-12-01"
"2024-10-02","1","HB_WEST","QCASS8","5.0","23.49",,,,,,,,,,,,,,,,,,,"222872740","N","V","2024-12-01"
"2024-10-02","1","HB_WEST","QCASS8","5.0","25.66",,,,,,,,,,,,,,,,,,,"222872739","N","V","2024-12-01"
"2024-10-02","1","HB_WEST","QCASS8","5.0","27.49",,,,,,,,,,,,,,,,,,,"222872738","N","V","2024-12-01"
"2024-10-02","1","HB_WEST","QCASS8","5.0","29.54",,,,,,,,,,,,,,,,,,,"222872737","N","V","2024-12-01"
"2024-10-02","1","HB_WEST","QCASS8","5.0","34.2",,,,,,,,,,,,,,,,,,,"222872736","N","V","2024-12-01"
"2024-10-02","1","HB_WEST","QCOMIT","1.3","3000.0",,,,,,,,,,,,,,,,,,,"222855089","N","V","2024-12-01"
"2024-10-02","1","HB_WEST","QCONO2","65.4","4000.0",,,,,,,,,,,,,,,,,,,"10-02-HBW","N","V","2024-12-01"
"2024-10-02","1","HB_WEST","QDYST1","20.0","22.88",,,,,,,,,,,,,,,,,,,"30515466","N","C","2024-12-01"
"2024-10-02","1","HB_WEST","QDYST1","30.0","20.88",,,,,,,,,,,,,,,,,,,"30850962","N","C","2024-12-01"
"2024-10-02","1","HB_WEST","QDYST1","50.0","18.88",,,,,,,,,,,,,,,,,,,"30491273","N","C","2024-12-01"
"2024-10-02","1","HB_WEST","QECNR","0.0","6.82","1.0","5.93","1.0","3.66","1.0","3.12","1.0","2.39","1.0","1.49","1.0","-0.55",,,,,,,"1238","N","C","2024-12-01"
"2024-10-02","1","HB_WEST","QFPL22","6.0","500.0",,,,,,,,,,,,,,,,,,,"MD1","Y","F","2024-12-01"
"2024-10-02","1","HB_WEST","QFPL38","1.1","2000.0",,,,,,,,,,,,,,,,,,,"westbid","N","V","2024-12-01"
"2024-10-02","1","HB_WEST","QFPLE4","212.7","200.0",,,,,,,,,,,,,,,,,,,"WZB","N","V","2024-12-01"
"2024-10-02","1","HB_WEST","QFRONT","1.0","500.0",,,,,,,,,,,,,,,,,,,"HBWBID","N","V","2024-12-01"
"2024-10-02","1","HB_WEST","QGRAN3","12.0","36.61",,,,,,,,,,,,,,,,,,,"uF1NcP7BXY","N","V","2024-12-01"
"2024-10-02","1","HB_WEST","QGRAN3","14.7","35.1",,,,,,,,,,,,,,,,,,,"RrqcCkUJKt","N","V","2024-12-01"
"2024-10-02","1","HB_WEST","QGRAN3","17.9","33.43",,,,,,,,,,,,,,,,,,,"nm2QUn1sX8","N","V","2024-12-01"
"2024-10-02","1","HB_WEST","QGRAN3","20.6","32.0",,,,,,,,,,,,,,,,,,,"NZKDSj1fLj","N","V","2024-12-01"
"2024-10-02","1","HB_WEST","QGRAN3","22.0","27.64",,,,,,,,,,,,,,,,,,,"o11qmfOKlR","N","V","2024-12-01"
"2024-10-02","1","HB_WEST","QGRAN3","22.1","31.01",,,,,,,,,,,,,,,,,,,"jRpKgJJ6Im","N","V","2024-12-01"
"2024-10-02","1","HB_WEST","QGRAN3","22.9","28.65",,,,,,,,,,,,,,,,,,,"rK0ao9EHP8","N","V","2024-12-01"
"2024-10-02","1","HB_WEST","QGRAN3","23.4","29.9",,,,,,,,,,,,,,,,,,,"9A3UkRiy5e","N","V","2024-12-01"
"2024-10-02","1","HB_WEST","QGRAN3","6.5","40.52",,,,,,,,,,,,,,,,,,,"dKKObhyga4","N","V","2024-12-01"
"2024-10-02","1","HB_WEST","QGRAN3","9.2","38.42",,,,,,,,,,,,,,,,,,,"3jGX1WJpQw","N","V","2024-12-01"
"2024-10-02","1","HB_WEST","QHEBER","10.0","66.2","20.0","39.88","30.0","34.1","40.0","31.06","50.0","17.94","60.0","16.54",,,,,,,,,"TT61","N","C","2024-12-01"
"2024-10-02","1","HB_WEST","QHEBER","75.0","45.3",,,,,,,,,,,,,,,,,,,"kpjounjy1","N","V","2024-12-01"
"2024-10-02","1","HB_WEST","QINC1","2.0","51.79",,,,,,,,,,,,,,,,,,,"SQ1WHB100224","N","V","2024-12-01"
"2024-10-02","1","HB_WEST","QJUSL1","13.0","100.0",,,,,,,,,,,,,,,,,,,"B102WSQ1","N","V","2024-12-01"
"2024-10-02","1","HB_WEST","QJUSL2","20.0","100.0",,,,,,,,,,,,,,,,,,,"B102WSQ2","N","V","2024-12-01"
"2024-10-02","1","HB_WEST","QLUMN","14.2","350.0",,,,,,,,,,,,,,,,,,,"806003309","N","C","2024-12-01"
"2024-10-02","1","HB_WEST","QLUMN","700.0","400.0",,,,,,,,,,,,,,,,,,,"BO0045752","Y","V","2024-12-01"
"2024-10-02","1","HB_WEST","QMACE2","88.0","26.02",,,,,,,,,,,,,,,,,,,"d02","N","V","2024-12-01"
"2024-10-02","1","HB_WEST","QMACQ","1.0","-200.0",,,,,,,,,,,,,,,,,,,"RF28","N","V","2024-12-01"
"2024-10-02","1","HB_WEST","QMIAMI","40.8","35.17",,,,,,,,,,,,,,,,,,,"MIA_EOB","N","C","2024-12-01"
"2024-10-02","1","HB_WEST","QMORG","398.1","500.0",,,,,,,,,,,,,,,,,,,"747308089914","N","C","2024-12-01"
"2024-10-02","1","HB_WEST","QNABLA","1.5","44.54",,,,,,,,,,,,,,,,,,,"t311929","N","V","2024-12-01"
"2024-10-02","1","HB_WEST","QORSTE","200.0","24.55",,,,,,,,,,,,,,,,,,,"222892938","Y","F","2024-12-01"
"2024-10-02","1","HB_WEST","QORSTE","200.0","27.25",,,,,,,,,,,,,,,,,,,"222892937","Y","F","2024-12-01"
"2024-10-02","1","HB_WEST","QORSTE","200.0","29.55",,,,,,,,,,,,,,,,,,,"222892936","Y","F","2024-12-01"
"2024-10-02","1","HB_WEST","QRSQUA","66.0","80.0",,,,,,,,,,,,,,,,,,,"210372029325","N","V","2024-12-01"
"2024-10-02","1","HB_WEST","QSPANS","7.0","28.44",,,,,,,,,,,,,,,,,,,"653484","N","V","2024-12-01"
"2024-10-02","1","HB_WEST","QSUEZ1","3.0","150.0",,,,,,,,,,,,,,,,,,,"100640","N","V","2024-12-01"
"2024-10-02","1","HB_WEST","QTENSK","25.0","21.1",,,,,,,,,,,,,,,,,,,"AMDBid1","N","V","2024-12-01"
"2024-10-02","1","HB_WEST","QTHORD","130.0","155.2",,,,,,,,,,,,,,,,,,,"12","N","V","2024-12-01"
"2024-10-02","1","HB_WEST","QUNCIA","12.0","35.62",,,,,,,,,,,,,,,,,,,"40175734","N","V","2024-12-01"
"2024-10-02","1","HB_WEST","QUNCIA","12.0","45.79",,,,,,,,,,,,,,,,,,,"40175733","N","V","2024-12-01"
"2024-10-02","1","HB_WEST","QUNCIA","12.0","55.97",,,,,,,,,,,,,,,,,,,"40175732","N","V","2024-12-01"
"2024-10-02","1","HB_WEST","QUNCIA","12.0","66.14",,,,,,,,,,,,,,,,,,,"40175731","N","V","2024-12-01"
"2024-10-02","1","HB_WEST","QWEST1","33.3","450.0",,,,,,,,,,,,,,,,,,,"222861736","N","V","2024-12-01"
"2024-10-02","1","HB_WEST","QWOLFP","30.0","41.54",,,,,,,,,,,,,,,,,,,"00D236","N","C","2024-12-01"
"2024-10-02","1","HELIOS_RN","QCOMIT","1.0","3000.0",,,,,,,,,,,,,,,,,,,"222855090","N","V","2024-12-01"
"2024-10-02","1","HELIOS_RN","QPEBSE","1.5","21.8",,,,,,,,,,,,,,,,,,,"NTL04","N","V","2024-12-01"
"2024-10-02","1","HELIOS_RN","QPEBSE","3.0","10.2",,,,,,,,,,,,,,,,,,,"NTL05","N","V","2024-12-01"
"2024-10-02","1","HELIOS_RN","QPEBSE","3.0","12.7",,,,,,,,,,,,,,,,,,,"NTL03","N","V","2024-12-01"
"2024-10-02","1","HELIOS_RN","QPEBSE","3.0","13.9",,,,,,,,,,,,,,,,,,,"NTL01","N","V","2024-12-01"
"2024-10-02","1","HELIOS_RN","QPEBSE","3.0","17.6",,,,,,,,,,,,,,,,,,,"NTL07","N","V","2024-12-01"
"2024-10-02","1","HELIOS_RN","QPEBSE","3.0","6.7",,,,,,,,,,,,,,,,,,,"NTL06","N","V","2024-12-01"
"2024-10-02","1","HELIOS_RN","QPEBSE","3.0","8.7",,,,,,,,,,,,,,,,,,,"NTL02","N","V","2024-12-01"
"2024-10-02","1","HELIOS_RN","QPEBSE","9.0","8.88",,,,,,,,,,,,,,,,,,,"NTL12","N","V","2024-12-01"
"2024-10-02","1","HHOLLW2_WND1","QGRAN3","3.5","26.46",,,,,,,,,,,,,,,,,,,"TubOxvoHu","N","V","2024-12-01"
"2024-10-02","1","HHOLLW2_WND1","QGRAN3","4.2","25.49",,,,,,,,,,,,,,,,,,,"807giFt4FI","N","V","2024-12-01"
"2024-10-02","1","HHOLLW2_WND1","QGRAN3","4.6","24.06",,,,,,,,,,,,,,,,,,,"AYO4bDuEn3","N","V","2024-12-01"
"2024-10-02","1","HHOLLW2_WND1","QGRAN3","4.6","24.74",,,,,,,,,,,,,,,,,,,"O7Kj1YixyD","N","V","2024-12-01"
"2024-10-02","1","HHOLLW2_WND1","QGRAN3","5.2","23.37",,,,,,,,,,,,,,,,,,,"R81QNNSlw","N","V","2024-12-01"
"2024-10-02","1","HHOLLW2_WND1","QGRAN3","6.0","22.77",,,,,,,,,,,,,,,,,,,"yONsM3z2Sf","N","V","2024-12-01"
"2024-10-02","1","HHOLLW2_WND1","QGRAN3","6.3","20.94",,,,,,,,,,,,,,,,,,,"IdvoKWfEDk","N","V","2024-12-01"
"2024-10-02","1","HHOLLW2_WND1","QGRAN3","6.3","21.53",,,,,,,,,,,,,,,,,,,"ZPs1vzTvNs","N","V","2024-12-01"
"2024-10-02","1","HHOLLW2_WND1","QGRAN3","6.3","22.14",,,,,,,,,,,,,,,,,,,"ZqkLjGO4TF","N","V","2024-12-01"
"2024-10-02","1","HHOLLW2_WND1","QGRIEQ","18.4","22.73",,,,,,,,,,,,,,,,,,,"9xw2rl","N","C","2024-12-01"
"2024-10-02","1","HHOLLW3_WND1","QGRAN3","3.5","26.02",,,,,,,,,,,,,,,,,,,"u5wgjFlXH","N","V","2024-12-01"
"2024-10-02","1","HHOLLW3_WND1","QGRAN3","4.2","25.26",,,,,,,,,,,,,,,,,,,"SzMH8KOT5","N","V","2024-12-01"
"2024-10-02","1","HHOLLW3_WND1","QGRAN3","4.9","24.41",,,,,,,,,,,,,,,,,,,"u6nqPH4DI","N","V","2024-12-01"
"2024-10-02","1","HHOLLW3_WND1","QGRAN3","6.0","23.73",,,,,,,,,,,,,,,,,,,"eRKqlYcOSR","N","V","2024-12-01"
"2024-10-02","1","HHOLLW3_WND1","QGRAN3","6.3","23.09",,,,,,,,,,,,,,,,,,,"CUwhPFJASM","N","V","2024-12-01"
"2024-10-02","1","HHOLLW3_WND1","QGRAN3","7.0","22.55",,,,,,,,,,,,,,,,,,,"yQXFZVkhCB","N","V","2024-12-01"
"2024-10-02","1","HHOLLW3_WND1","QGRAN3","7.4","22.01",,,,,,,,,,,,,,,,,,,"3fWQL4gJQv","N","V","2024-12-01"
"2024-10-02","1","HHOLLW3_WND1","QGRAN3","7.7","20.79",,,,,,,,,,,,,,,,,,,"qIg3e3SfRK","N","V","2024-12-01"
"2024-10-02","1","HHOLLW3_WND1","QGRAN3","7.7","21.36",,,,,,,,,,,,,,,,,,,"Q8hGLrboWc","N","V","2024-12-01"
"2024-10-02","1","HHOLLW3_WND1","QGRIEQ","22.3","22.73",,,,,,,,,,,,,,,,,,,"zv4y5m","N","C","2024-12-01"
"2024-10-02","1","HHOLLW4_WND1","QGRAN3","3.5","26.0",,,,,,,,,,,,,,,,,,,"roJvJi4Nw","N","V","2024-12-01"
"2024-10-02","1","HHOLLW4_WND1","QGRAN3","3.9","25.08",,,,,,,,,,,,,,,,,,,"RMjixA5md","N","V","2024-12-01"
"2024-10-02","1","HHOLLW4_WND1","QGRAN3","4.6","24.37",,,,,,,,,,,,,,,,,,,"5MCTNVwVt","N","V","2024-12-01"
"2024-10-02","1","HHOLLW4_WND1","QGRAN3","4.9","23.73",,,,,,,,,,,,,,,,,,,"83y65FgfsW","N","V","2024-12-01"
"2024-10-02","1","HHOLLW4_WND1","QGRAN3","5.2","21.88",,,,,,,,,,,,,,,,,,,"Hcfoot8QZ","N","V","2024-12-01"
"2024-10-02","1","HHOLLW4_WND1","QGRAN3","5.2","22.45",,,,,,,,,,,,,,,,,,,"rheJeGDf1","N","V","2024-12-01"
"2024-10-02","1","HHOLLW4_WND1","QGRAN3","5.2","22.99",,,,,,,,,,,,,,,,,,,"NBnMmHnmxA","N","V","2024-12-01"
"2024-10-02","1","HHOLLW4_WND1","QGRAN3","5.6","20.79",,,,,,,,,,,,,,,,,,,"Yot5rTIRVS","N","V","2024-12-01"
"2024-10-02","1","HHOLLW4_WND1","QGRAN3","5.6","21.37",,,,,,,,,,,,,,,,,,,"oD8VahVOJn","N","V","2024-12-01"
"2024-10-02","1","HHOLLW4_WND1","QGRIEQ","11.3","22.73",,,,,,,,,,,,,,,,,,,"ltxpki","N","C","2024-12-01"
"2024-10-02","1","HICK_G1_G2","QHEBER","16.4","56.3",,,,,,,,,,,,,,,,,,,"kpjounjy1","N","V","2024-12-01"
"2024-10-02","1","HICK_G1_G2","QNABLA","1.4","50.62",,,,,,,,,,,,,,,,,,,"t311921","N","V","2024-12-01"
"2024-10-02","1","HI_LONEB_RN1","QNABLA","1.4","58.58",,,,,,,,,,,,,,,,,,,"t311918","N","V","2024-12-01"
"2024-10-02","1","HI_LONE_ALL","QCWPE2","3.2","157.64",,,,,,,,,,,,,,,,,,,"msvL32Mf","N","C","2024-12-01"
"2024-10-02","1","HI_LONE_ALL","QHEBER","12.7","56.3",,,,,,,,,,,,,,,,,,,"kpjounjy1","N","V","2024-12-01"
"2024-10-02","1","HI_LONE_ALL","QNABLA","1.4","58.58",,,,,,,,,,,,,,,,,,,"t311917","N","V","2024-12-01"
"2024-10-02","1","HI_LONE_ALL","QSTAN4","1.0","250.0",,,,,,,,,,,,,,,,,,,"L5K23n7fQuT0","N","C","2024-12-01"
"2024-10-02","1","HOUSEMTN_RN","QAUROR","6.0","5000.0",,,,,,,,,,,,,,,,,,,"55dd3af0-c73","N","C","2024-12-01"
"2024-10-02","1","HOUSEMTN_RN","QNABLA","1.4","126.36",,,,,,,,,,,,,,,,,,,"t311982","N","V","2024-12-01"
"2024-10-02","1","HOUSEMTN_RN","QTEN22","5.0","-249.0",,,,,,,,,,,,,,,,,,,"HOUSEMTN11","N","V","2024-12-01"
"2024-10-02","1","HOUSEMTN_RN","QTEN22","5.0","-25.0","15.0","-50.0",,,,,,,,,,,,,,,,,"HOUSEMTN12","N","C","2024-12-01"
"2024-10-02","1","HOUSEMTN_RN","QTEN22","5.0","45.01","15.0","25.01",,,,,,,,,,,,,,,,,"HOUSEMTN13","N","C","2024-12-01"
"2024-10-02","1","HOVEY_GEN","QCWPE2","3.2","93.67",,,,,,,,,,,,,,,,,,,"ZDAU4HG7","N","C","2024-12-01"
"2024-10-02","1","HOVEY_GEN","QGRAN3","10.5","31.94",,,,,,,,,,,,,,,,,,,"HGSuxB3Oti","N","V","2024-12-01"
"2024-10-02","1","HOVEY_GEN","QGRAN3","11.5","29.64",,,,,,,,,,,,,,,,,,,"OjGS5RLPv4","N","V","2024-12-01"
"2024-10-02","1","HOVEY_GEN","QGRAN3","3.5","55.14",,,,,,,,,,,,,,,,,,,"VkYaPekVXT","N","V","2024-12-01"
"2024-10-02","1","HOVEY_GEN","QGRAN3","3.5","62.44",,,,,,,,,,,,,,,,,,,"Ub41U693YG","N","V","2024-12-01"
"2024-10-02","1","HOVEY_GEN","QGRAN3","4.6","49.69",,,,,,,,,,,,,,,,,,,"ENhPWehh1","N","V","2024-12-01"
"2024-10-02","1","HOVEY_GEN","QGRAN3","6.0","45.54",,,,,,,,,,,,,,,,,,,"kjRMGqdIOR","N","V","2024-12-01"
"2024-10-02","1","HOVEY_GEN","QGRAN3","7.0","42.33",,,,,,,,,,,,,,,,,,,"0yzePeVPzW","N","V","2024-12-01"
"2024-10-02","1","HOVEY_GEN","QGRAN3","7.7","39.49",,,,,,,,,,,,,,,,,,,"LXCzfIKeAJ","N","V","2024-12-01"
"2024-10-02","1","HOVEY_GEN","QGRAN3","9.1","36.36",,,,,,,,,,,,,,,,,,,"KXnc8lMZd0","N","V","2024-12-01"
"2024-10-02","1","HOVEY_GEN","QGRAN3","9.8","33.99",,,,,,,,,,,,,,,,,,,"KblUlK2doP","N","V","2024-12-01"
"2024-10-02","1","HOVEY_GEN","QGRIEQ","2.9","46.28",,,,,,,,,,,,,,,,,,,"7j4pcl","N","C","2024-12-01"
"2024-10-02","1","HOVEY_GEN","QHEBER","1.1","86.8",,,,,,,,,,,,,,,,,,,"kpjounjy1","N","V","2024-12-01"
"2024-10-02","1","HOVEY_GEN","QNABLA","1.4","111.39",,,,,,,,,,,,,,,,,,,"t311904","N","V","2024-12-01"
"2024-10-02","1","HRBESS_BESS","QNABLA","1.4","111.64",,,,,,,,,,,,,,,,,,,"t311908","N","V","2024-12-01"
"2024-10-02","1","HRFDWIND_ALL","QGRIEQ","18.0","-13.73",,,,,,,,,,,,,,,,,,,"7vaptu","N","C","2024-12-01"
"2024-10-02","1","HRFDWIND_ALL","QQDTT","1.0","19.13","1.0","17.22","1.0","15.31",,,,,,,,,,,,,,,"0137-YG-P_OP","N","C","2024-12-01"
"2024-10-02","1","HRZN_SLR_UN1","QAUROR","8.4","5000.0",,,,,,,,,,,,,,,,,,,"55dd3af0-c73","N","C","2024-12-01"
"2024-10-02","1","INDNENR_1_RN","QCWPE2","3.2","131.48",,,,,,,,,,,,,,,,,,,"6v7chjq7","N","C","2024-12-01"
"2024-10-02","1","INDNENR_1_RN","QSTAN4","1.0","250.0",,,,,,,,,,,,,,,,,,,"lWsdTt9jXbDC","N","C","2024-12-01"
"2024-10-02","1","INDNENR_2_RN","QSTAN4","1.0","250.0",,,,,,,,,,,,,,,,,,,"7Z6A0Tretgck","N","C","2024-12-01"
"2024-10-02","1","INDNNWP_RN","QCWPE2","3.2","132.6",,,,,,,,,,,,,,,,,,,"WzsGhTUx","N","C","2024-12-01"
"2024-10-02","1","IND_INADALE1","QSTAN4","1.0","250.0",,,,,,,,,,,,,,,,,,,"bpPUXfuIE3Jq","N","C","2024-12-01"
"2024-10-02","1","INRT_W_ALL","QFPL32","0.0","0.1","13.0","0.0","13.1","-175.0",,,,,,,,,,,,,,,"TTA6giYU4q6q","N","C","2024-12-01"
"2024-10-02","1","JDKNS_RN","QNABLA","1.4","203.39",,,,,,,,,,,,,,,,,,,"t311944","N","V","2024-12-01"
"2024-10-02","1","JUNCTION_RN","QMACQ","5.0","75.45",,,,,,,,,,,,,,,,,,,"45","N","V","2024-12-01"
"2024-10-02","1","JUNCTION_RN","QSNDA3","2.0","50.0","10.0","35.0","250.0","-245.0","500.0","-250.0",,,,,,,,,,,,,"AYeb004","N","C","2024-12-01"
"2024-10-02","1","JUNO_ALL","QCWPE2","3.2","82.18",,,,,,,,,,,,,,,,,,,"slypVg9T","N","C","2024-12-01"
"2024-10-02","1","KEO_KEO_SM1","QCOMIT","1.3","3000.0",,,,,,,,,,,,,,,,,,,"222855099","N","V","2024-12-01"
"2024-10-02","1","KEO_KEO_SM1","QCWPE2","3.2","128.27",,,,,,,,,,,,,,,,,,,"JfiFnPlw","N","C","2024-12-01"
"2024-10-02","1","KEO_KEO_SM1","QHEBER","3.5","56.3",,,,,,,,,,,,,,,,,,,"kpjounjy1","N","V","2024-12-01"
"2024-10-02","1","KEO_KEO_SM1","QSTAN4","1.0","250.0",,,,,,,,,,,,,,,,,,,"2RoBwGhDAaxH","N","C","2024-12-01"
"2024-10-02","1","KINGW_ALL","QCWPE2","3.2","100.76",,,,,,,,,,,,,,,,,,,"E6iSLHum","N","C","2024-12-01"
"2024-10-02","1","LAMESASLR_G","QCWPE2","3.2","48.99",,,,,,,,,,,,,,,,,,,"AOr1YwIM","N","C","2024-12-01"
"2024-10-02","1","LAMESASLR_G","QGRIEQ","8.6","58.54",,,,,,,,,,,,,,,,,,,"ezgaiw","N","C","2024-12-01"
"2024-10-02","1","LAMESASLR_G","QZANDY","12.0","-208.0",,,,,,,,,,,,,,,,,,,"ABS7","N","V","2024-12-01"
"2024-10-02","1","LAMESASLR_G","QZANDY","24.0","-223.0",,,,,,,,,,,,,,,,,,,"ABS8","N","V","2024-12-01"
"2024-10-02","1","LAMESASLR_G","QZANDY","4.0","-141.0",,,,,,,,,,,,,,,,,,,"ABS5","N","V","2024-12-01"
"2024-10-02","1","LAMESASLR_G","QZANDY","46.0","-232.0",,,,,,,,,,,,,,,,,,,"ABS9","N","V","2024-12-01"
"2024-10-02","1","LAMESASLR_G","QZANDY","6.0","-188.0",,,,,,,,,,,,,,,,,,,"ABS6","N","V","2024-12-01"
"2024-10-02","1","LAPETUS_U1","QCWPE2","3.2","146.15",,,,,,,,,,,,,,,,,,,"1odNlXVC","N","C","2024-12-01"
"2024-10-02","1","LARDVFTN_G4","QTWIGR","1.0","100.0",,,,,,,,,,,,,,,,,,,"534fbbba398f","N","V","2024-12-01"
"2024-10-02","1","LARDVFTN_G5","QHEBER","4.8","26.8",,,,,,,,,,,,,,,,,,,"kpjounjy1","N","V","2024-12-01"
"2024-10-02","1","LASSO_GEN","QCWPE2","3.2","135.8",,,,,,,,,,,,,,,,,,,"esycm09e","N","C","2024-12-01"
"2024-10-02","1","LASSO_GEN","QGRAN3","3.5","47.24",,,,,,,,,,,,,,,,,,,"dhKU4iO4t","N","V","2024-12-01"
"2024-10-02","1","LASSO_GEN","QGRAN3","3.5","53.04",,,,,,,,,,,,,,,,,,,"bH0Rf5Vq3C","N","V","2024-12-01"
"2024-10-02","1","LASSO_GEN","QGRAN3","3.9","41.9",,,,,,,,,,,,,,,,,,,"5zFldvUbjZ","N","V","2024-12-01"
"2024-10-02","1","LASSO_GEN","QGRAN3","4.6","37.85",,,,,,,,,,,,,,,,,,,"KqySgjnREx","N","V","2024-12-01"
"2024-10-02","1","LASSO_GEN","QGRAN3","5.2","35.5",,,,,,,,,,,,,,,,,,,"9jzQoKzBP3","N","V","2024-12-01"
"2024-10-02","1","LASSO_GEN","QGRAN3","5.6","33.7",,,,,,,,,,,,,,,,,,,"xK2Ex5jUBF","N","V","2024-12-01"
"2024-10-02","1","LASSO_GEN","QGRAN3","6.0","31.53",,,,,,,,,,,,,,,,,,,"ZgIGYndIgy","N","V","2024-12-01"
"2024-10-02","1","LASSO_GEN","QGRAN3","6.3","29.68",,,,,,,,,,,,,,,,,,,"KVNJDgedfL","N","V","2024-12-01"
"2024-10-02","1","LASSO_GEN","QGRAN3","6.6","28.21",,,,,,,,,,,,,,,,,,,"I93wuMtf0","N","V","2024-12-01"
"2024-10-02","1","LASSO_GEN","QGRAN3","7.0","26.82",,,,,,,,,,,,,,,,,,,"EOQgvnmlb","N","V","2024-12-01"
"2024-10-02","1","LASSO_GEN","QGRIEQ","5.0","125.38",,,,,,,,,,,,,,,,,,,"vlw1xz","N","C","2024-12-01"
"2024-10-02","1","LASSO_GEN","QHEBER","1.9","88.1",,,,,,,,,,,,,,,,,,,"kpjounjy1","N","V","2024-12-01"
"2024-10-02","1","LASSO_GEN","QNABLA","1.4","126.36",,,,,,,,,,,,,,,,,,,"t311983","N","V","2024-12-01"
"2024-10-02","1","LGDRAW_S_ALL","QCWPE2","3.2","57.12",,,,,,,,,,,,,,,,,,,"6VaxaRq7","N","C","2024-12-01"
"2024-10-02","1","LGD_LANGFORD","QAUROR","8.4","5000.0",,,,,,,,,,,,,,,,,,,"55dd3af0-c73","N","C","2024-12-01"
"2024-10-02","1","LGD_LANGFORD","QCOMIT","2.2","3000.0",,,,,,,,,,,,,,,,,,,"222855100","N","V","2024-12-01"
"2024-10-02","1","LGD_LANGFORD","QCWPE2","3.2","63.03",,,,,,,,,,,,,,,,,,,"hhVbQyvL","N","C","2024-12-01"
"2024-10-02","1","LGD_LANGFORD","QGRAN3","3.5","33.12",,,,,,,,,,,,,,,,,,,"UkigQxvkog","N","V","2024-12-01"
"2024-10-02","1","LGD_LANGFORD","QGRAN3","3.5","35.03",,,,,,,,,,,,,,,,,,,"kf65WHiIyx","N","V","2024-12-01"
"2024-10-02","1","LGD_LANGFORD","QGRAN3","3.9","31.26",,,,,,,,,,,,,,,,,,,"0AibzsZebD","N","V","2024-12-01"
"2024-10-02","1","LGD_LANGFORD","QGRAN3","4.6","29.69",,,,,,,,,,,,,,,,,,,"EInPTautSK","N","V","2024-12-01"
"2024-10-02","1","LGD_LANGFORD","QGRAN3","4.9","28.35",,,,,,,,,,,,,,,,,,,"O0nmESQL9d","N","V","2024-12-01"
"2024-10-02","1","LGD_LANGFORD","QGRAN3","5.2","25.6",,,,,,,,,,,,,,,,,,,"SMu0ybQufl","N","V","2024-12-01"
"2024-10-02","1","LGD_LANGFORD","QGRAN3","5.2","26.8",,,,,,,,,,,,,,,,,,,"fMD7PHbujc","N","V","2024-12-01"
"2024-10-02","1","LGD_LANGFORD","QGRAN3","5.6","23.39",,,,,,,,,,,,,,,,,,,"0HbiJrSdsa","N","V","2024-12-01"
"2024-10-02","1","LGD_LANGFORD","QGRAN3","5.6","24.63",,,,,,,,,,,,,,,,,,,"HAGf59vIi","N","V","2024-12-01"
"2024-10-02","1","LGD_LANGFORD","QNN8S6","1.0","58.0",,,,,,,,,,,,,,,,,,,"222868949","N","V","2024-12-01"
"2024-10-02","1","LGD_LANGFORD","QTHUNH","2.0","60.0",,,,,,,,,,,,,,,,,,,"222819100","N","V","2024-12-01"
"2024-10-02","1","LGE_LGE_STG","QPEBSE","2.0","10.68",,,,,,,,,,,,,,,,,,,"NTL07","N","V","2024-12-01"
"2024-10-02","1","LGE_LGE_STG","QPEBSE","2.0","11.6",,,,,,,,,,,,,,,,,,,"NTL05","N","V","2024-12-01"
"2024-10-02","1","LGE_LGE_STG","QPEBSE","2.0","16.9",,,,,,,,,,,,,,,,,,,"NTL02","N","V","2024-12-01"
"2024-10-02","1","LGE_LGE_STG","QPEBSE","2.0","21.9",,,,,,,,,,,,,,,,,,,"NTL01","N","V","2024-12-01"
"2024-10-02","1","LGE_LGE_STG","QPEBSE","2.0","23.8",,,,,,,,,,,,,,,,,,,"NTL06","N","V","2024-12-01"
"2024-10-02","1","LGE_LGE_STG","QPEBSE","2.0","8.4",,,,,,,,,,,,,,,,,,,"NTL03","N","V","2024-12-01"
"2024-10-02","1","LGE_LGE_STG","QPEBSE","3.0","13.8",,,,,,,,,,,,,,,,,,,"NTL04","N","V","2024-12-01"
"2024-10-02","1","LGE_LGE_STG","QPEBSE","6.0","14.3",,,,,,,,,,,,,,,,,,,"NTL12","N","V","2024-12-01"
"2024-10-02","1","LHORN_N_U1_2","QGRIEQ","7.3","-13.73",,,,,,,,,,,,,,,,,,,"mjkozd","N","C","2024-12-01"
"2024-10-02","1","LONESTAR_RN","QNABLA","1.4","111.62",,,,,,,,,,,,,,,,,,,"t311957","N","V","2024-12-01"
"2024-10-02","1","LONESTAR_RN","QNN8S6","1.0","122.0",,,,,,,,,,,,,,,,,,,"222868950","N","V","2024-12-01"
"2024-10-02","1","LONEWOLF_ALL","QAUROR","8.4","5000.0",,,,,,,,,,,,,,,,,,,"55dd3af0-c73","N","C","2024-12-01"
"2024-10-02","1","LV1A_LV1B","QHEBER","15.6","26.6",,,,,,,,,,,,,,,,,,,"kpjounjy1","N","V","2024-12-01"
"2024-10-02","1","LV3_UNIT1","QHEBER","7.5","26.7",,,,,,,,,,,,,,,,,,,"kpjounjy1","N","V","2024-12-01"
"2024-10-02","1","LV4_UNIT_1","QHEBER","7.5","26.7",,,,,,,,,,,,,,,,,,,"kpjounjy1","N","V","2024-12-01"
"2024-10-02","1","LV4_UNIT_1","QZANDY","1.0","-108.88",,,,,,,,,,,,,,,,,,,"ABS2","N","V","2024-12-01"
"2024-10-02","1","LV4_UNIT_1","QZANDY","10.0","-219.88",,,,,,,,,,,,,,,,,,,"ABS8","N","V","2024-12-01"
"2024-10-02","1","LV4_UNIT_1","QZANDY","2.0","-168.88",,,,,,,,,,,,,,,,,,,"ABS4","N","V","2024-12-01"
"2024-10-02","1","LV4_UNIT_1","QZANDY","2.2","-29.09",,,,,,,,,,,,,,,,,,,"GZ03","N","V","2024-12-01"
"2024-10-02","1","LV4_UNIT_1","QZANDY","2.2","-38.61",,,,,,,,,,,,,,,,,,,"GZ04","N","V","2024-12-01"
"2024-10-02","1","LV4_UNIT_1","QZANDY","3.0","-198.88",,,,,,,,,,,,,,,,,,,"ABS5","N","V","2024-12-01"
"2024-10-02","1","LV4_UNIT_1","QZANDY","45.0","-231.88",,,,,,,,,,,,,,,,,,,"ABS9","N","V","2024-12-01"
"2024-10-02","1","LV4_UNIT_1","QZANDY","5.0","-32.88",,,,,,,,,,,,,,,,,,,"ABS6","N","V","2024-12-01"
"2024-10-02","1","LV4_UNIT_1","QZANDY","65.0","-241.88",,,,,,,,,,,,,,,,,,,"ABS10","N","V","2024-12-01"
"2024-10-02","1","LV5_UNIT1","QTWIGR","1.0","100.0",,,,,,,,,,,,,,,,,,,"534fbbba398f","N","V","2024-12-01"
"2024-10-02","1","LZ_AEN","QBARTO","56.8","30.59",,,,,,,,,,,,,,,,,,,"20241002","N","F","2024-12-01"
"2024-10-02","1","LZ_AEN","QBBEN1","5.0","5.5",,,,,,,,,,,,,,,,,,,"100133618002","N","V","2024-12-01"
"2024-10-02","1","LZ_AEN","QBBEN1","5.0","5.5",,,,,,,,,,,,,,,,,,,"100133618005","N","V","2024-12-01"
"2024-10-02","1","LZ_AEN","QHEBER","10.0","21.97","20.0","18.23",,,,,,,,,,,,,,,,,"TT61","N","C","2024-12-01"
"2024-10-02","1","LZ_AEN","QSPANS","10.0","19.92",,,,,,,,,,,,,,,,,,,"653485","N","V","2024-12-01"
"2024-10-02","1","LZ_AEN","QSTAR","3.0","31.1",,,,,,,,,,,,,,,,,,,"124","N","V","2024-12-01"
"2024-10-02","1","LZ_CPS","QBARTO","56.8","31.07",,,,,,,,,,,,,,,,,,,"20241002","N","F","2024-12-01"
"2024-10-02","1","LZ_CPS","QCPSE","2645.0","317.7","2699.0","42.36","2763.8","21.18","2780.0","5.29",,,,,,,,,,,,,"123","N","C","2024-12-01"
"2024-10-02","1","LZ_CPS","QDANSK","11.3","200.0",,,,,,,,,,,,,,,,,,,"241002LZCb_t","N","C","2024-12-01"
"2024-10-02","1","LZ_CPS","QHALIA","10.0","100.0",,,,,,,,,,,,,,,,,,,"021024bWT_a","N","F","2024-12-01"
"2024-10-02","1","LZ_CPS","QHEBER","10.0","21.47","20.0","20.88","30.0","18.14",,,,,,,,,,,,,,,"TT61","N","C","2024-12-01"
"2024-10-02","1","LZ_CPS","QLCRA","3.0","2000.0",,,,,,,,,,,,,,,,,,,"Castroville","N","V","2024-12-01"
"2024-10-02","1","LZ_CPS","QPEBSE","12.0","21.55",,,,,,,,,,,,,,,,,,,"NTL12","N","V","2024-12-01"
"2024-10-02","1","LZ_CPS","QPEBSE","2.0","15.7",,,,,,,,,,,,,,,,,,,"NTL01","N","V","2024-12-01"
"2024-10-02","1","LZ_CPS","QPEBSE","2.0","18.3",,,,,,,,,,,,,,,,,,,"NTL05","N","V","2024-12-01"
"2024-10-02","1","LZ_CPS","QPEBSE","2.0","22.56",,,,,,,,,,,,,,,,,,,"NTL02","N","V","2024-12-01"
"2024-10-02","1","LZ_CPS","QPEBSE","3.0","11.78",,,,,,,,,,,,,,,,,,,"NTL07","N","V","2024-12-01"
"2024-10-02","1","LZ_CPS","QPEBSE","3.0","12.9",,,,,,,,,,,,,,,,,,,"NTL06","N","V","2024-12-01"
"2024-10-02","1","LZ_CPS","QPEBSE","3.0","13.2",,,,,,,,,,,,,,,,,,,"NTL10","N","V","2024-12-01"
"2024-10-02","1","LZ_CPS","QPEBSE","4.0","14.5",,,,,,,,,,,,,,,,,,,"NTL03","N","V","2024-12-01"
"2024-10-02","1","LZ_CPS","QPEBSE","6.0","13.9",,,,,,,,,,,,,,,,,,,"NTL04","N","V","2024-12-01"
"2024-10-02","1","LZ_CPS","QSPANS","10.0","23.56",,,,,,,,,,,,,,,,,,,"653486","N","V","2024-12-01"
"2024-10-02","1","LZ_CPS","QTHORD","5.0","80.0",,,,,,,,,,,,,,,,,,,"12","N","V","2024-12-01"
"2024-10-02","1","LZ_HOUSTON","QAFFOR","18.0","36.05",,,,,,,,,,,,,,,,,,,"ETAFYB3","N","V","2024-12-01"
"2024-10-02","1","LZ_HOUSTON","QBPEC6","14.3","500.0",,,,,,,,,,,,,,,,,,,"AutoGen","N","F","2024-12-01"
"2024-10-02","1","LZ_HOUSTON","QBPEC7","1.0","200.0",,,,,,,,,,,,,,,,,,,"AutoGen","N","F","2024-12-01"
"2024-10-02","1","LZ_HOUSTON","QCALP","35.0","250.0",,,,,,,,,,,,,,,,,,,"000006","N","V","2024-12-01"
"2024-10-02","1","LZ_HOUSTON","QCC8L7","15.0","18.0",,,,,,,,,,,,,,,,,,,"2024102k6","Y","V","2024-12-01"
"2024-10-02","1","LZ_HOUSTON","QCC8L7","15.0","28.0",,,,,,,,,,,,,,,,,,,"2024102k5","Y","V","2024-12-01"
"2024-10-02","1","LZ_HOUSTON","QCONO1","2.3","4000.0",,,,,,,,,,,,,,,,,,,"10-02-LZHZ","N","V","2024-12-01"
"2024-10-02","1","LZ_HOUSTON","QDANSK","20.9","200.0",,,,,,,,,,,,,,,,,,,"241002LZHb_t","N","C","2024-12-01"
"2024-10-02","1","LZ_HOUSTON","QFREE1","0.0","30.0","10.0","15.0",,,,,,,,,,,,,,,,,"LZ_H_1002","N","C","2024-12-01"
"2024-10-02","1","LZ_HOUSTON","QHANW1","6.4","4501.0","12.9","4401.0","19.3","3301.0","25.7","300.0",,,,,,,,,,,,,"BHLZ45567","N","C","2024-12-01"
"2024-10-02","1","LZ_HOUSTON","QHART2","0.0","0.01","0.2","0.0","1.0","0.0",,,,,,,,,,,,,,,"0125","N","C","2024-12-01"
"2024-10-02","1","LZ_HOUSTON","QMACQ","70.0","500.0",,,,,,,,,,,,,,,,,,,"RF28","N","V","2024-12-01"
"2024-10-02","1","LZ_HOUSTON","QMIDAE","46.1","500.0",,,,,,,,,,,,,,,,,,,"20241002HOUS","N","F","2024-12-01"
"2024-10-02","1","LZ_HOUSTON","QMITX1","7.4","100.0",,,,,,,,,,,,,,,,,,,"100224LZH","N","V","2024-12-01"
"2024-10-02","1","LZ_HOUSTON","QMITX6","1.0","175.0",,,,,,,,,,,,,,,,,,,"100224LZH","N","V","2024-12-01"
"2024-10-02","1","LZ_HOUSTON","QMITXQ","9.6","175.0",,,,,,,,,,,,,,,,,,,"100224LZH","N","V","2024-12-01"
"2024-10-02","1","LZ_HOUSTON","QMP2E6","49.1","400.0",,,,,,,,,,,,,,,,,,,"uploader","N","C","2024-12-01"
"2024-10-02","1","LZ_HOUSTON","QOCSQ1","35.8","66.75",,,,,,,,,,,,,,,,,,,"opmhlz100224","N","V","2024-12-01"
"2024-10-02","1","LZ_HOUSTON","QPEBSE","12.0","9.5",,,,,,,,,,,,,,,,,,,"NTL08","N","V","2024-12-01"
"2024-10-02","1","LZ_HOUSTON","QPEBSE","18.0","21.35",,,,,,,,,,,,,,,,,,,"NTL12","N","V","2024-12-01"
"2024-10-02","1","LZ_HOUSTON","QPEBSE","18.0","6.7",,,,,,,,,,,,,,,,,,,"NTL03","N","V","2024-12-01"
"2024-10-02","1","LZ_HOUSTON","QPEBSE","3.0","12.8",,,,,,,,,,,,,,,,,,,"NTL06","N","V","2024-12-01"
"2024-10-02","1","LZ_HOUSTON","QPEBSE","3.0","14.6",,,,,,,,,,,,,,,,,,,"NTL09","N","V","2024-12-01"
"2024-10-02","1","LZ_HOUSTON","QPEBSE","6.0","22.7",,,,,,,,,,,,,,,,,,,"NTL01","N","V","2024-12-01"
"2024-10-02","1","LZ_HOUSTON","QPEBSE","9.0","11.3",,,,,,,,,,,,,,,,,,,"NTL05","N","V","2024-12-01"
"2024-10-02","1","LZ_HOUSTON","QPEBSE","9.0","8.2",,,,,,,,,,,,,,,,,,,"NTL02","N","V","2024-12-01"
"2024-10-02","1","LZ_HOUSTON","QPOGO1","3.0","200.0",,,,,,,,,,,,,,,,,,,"1002H","N","F","2024-12-01"
"2024-10-02","1","LZ_HOUSTON","QQUEXT","7.5","100.0",,,,,,,,,,,,,,,,,,,"hdam1002","N","V","2024-12-01"
"2024-10-02","1","LZ_HOUSTON","QRHYTH","7.0","25.59",,,,,,,,,,,,,,,,,,,"Bid2","N","V","2024-12-01"
"2024-10-02","1","LZ_HOUSTON","QRHYTH","8.0","51.18",,,,,,,,,,,,,,,,,,,"Bid1","N","V","2024-12-01"
"2024-10-02","1","LZ_HOUSTON","QSHELL","36.0","40.0",,,,,,,,,,,,,,,,,,,"DS100","N","V","2024-12-01"
"2024-10-02","1","LZ_HOUSTON","QSPANS","10.0","16.31",,,,,,,,,,,,,,,,,,,"653487","N","V","2024-12-01"
"2024-10-02","1","LZ_HOUSTON","QSPARK","21.5","75.0",,,,,,,,,,,,,,,,,,,"IW-8a4de8fb0","N","V","2024-12-01"
"2024-10-02","1","LZ_HOUSTON","QSUMR","7.0","100.0",,,,,,,,,,,,,,,,,,,"100224LZH","N","V","2024-12-01"
"2024-10-02","1","LZ_HOUSTON","QTEN18","148.3","155.0",,,,,,,,,,,,,,,,,,,"B241002181","N","C","2024-12-01"
"2024-10-02","1","LZ_HOUSTON","QTENSK","50.0","750.0",,,,,,,,,,,,,,,,,,,"19_1021_2304","Y","F","2024-12-01"
"2024-10-02","1","LZ_HOUSTON","QTHORD","5.0","100.0",,,,,,,,,,,,,,,,,,,"12","N","V","2024-12-01"
"2024-10-02","1","LZ_HOUSTON","QTRUEC","10.0","30.0",,,,,,,,,,,,,,,,,,,"TRUEHLZ1001B","N","V","2024-12-01"
"2024-10-02","1","LZ_HOUSTON","QVARSI","3.0","50.0",,,,,,,,,,,,,,,,,,,"VARSHLZ1001B","N","V","2024-12-01"
"2024-10-02","1","LZ_LCRA","QLCRA","23.0","300.0",,,,,,,,,,,,,,,,,,,"OB","N","V","2024-12-01"
"2024-10-02","1","LZ_LCRA","QLCRA","611.0","1000.0",,,,,,,,,,,,,,,,,,,"LCRA","N","C","2024-12-01"
"2024-10-02","1","LZ_LCRA","QTHORD","1.0","210.0",,,,,,,,,,,,,,,,,,,"12","N","V","2024-12-01"
"2024-10-02","1","LZ_NORTH","QAFFOR","41.0","33.68",,,,,,,,,,,,,,,,,,,"ETAFYB5","N","V","2024-12-01"
"2024-10-02","1","LZ_NORTH","QBARTL","1.0","750.0",,,,,,,,,,,,,,,,,,,"LZN","N","V","2024-12-01"
"2024-10-02","1","LZ_NORTH","QBARTO","59.0","29.73",,,,,,,,,,,,,,,,,,,"20241002","N","F","2024-12-01"
"2024-10-02","1","LZ_NORTH","QBPEC6","24.7","500.0",,,,,,,,,,,,,,,,,,,"AutoGen","N","F","2024-12-01"
"2024-10-02","1","LZ_NORTH","QBTU","64.0","45.1",,,,,,,,,,,,,,,,,,,"BTU_100224","N","V","2024-12-01"
"2024-10-02","1","LZ_NORTH","QCALP","157.0","250.0",,,,,,,,,,,,,,,,,,,"000005","N","V","2024-12-01"
"2024-10-02","1","LZ_NORTH","QCC8L7","15.0","25.0",,,,,,,,,,,,,,,,,,,"2024102k2","Y","V","2024-12-01"
"2024-10-02","1","LZ_NORTH","QCC8L7","15.0","35.0",,,,,,,,,,,,,,,,,,,"2024102k1","Y","V","2024-12-01"
"2024-10-02","1","LZ_NORTH","QCOOKE","6.5","520.0",,,,,,,,,,,,,,,,,,,"EOB1","N","F","2024-12-01"
"2024-10-02","1","LZ_NORTH","QDANSK","41.3","200.0",,,,,,,,,,,,,,,,,,,"241002LZNb_t","N","C","2024-12-01"
"2024-10-02","1","LZ_NORTH","QDCEC","288.3","1000.0",,,,,,,,,,,,,,,,,,,"EOB1","N","F","2024-12-01"
"2024-10-02","1","LZ_NORTH","QDYST1","20.0","20.0",,,,,,,,,,,,,,,,,,,"30373329","N","C","2024-12-01"
"2024-10-02","1","LZ_NORTH","QDYST1","20.0","22.88",,,,,,,,,,,,,,,,,,,"30052471","N","C","2024-12-01"
"2024-10-02","1","LZ_NORTH","QDYST1","30.0","18.0",,,,,,,,,,,,,,,,,,,"30866148","N","C","2024-12-01"
"2024-10-02","1","LZ_NORTH","QDYST1","40.0","17.0",,,,,,,,,,,,,,,,,,,"30552485","N","C","2024-12-01"
"2024-10-02","1","LZ_NORTH","QEDF39","2.0","799.0",,,,,,,,,,,,,,,,,,,"ETTY006","N","V","2024-12-01"
"2024-10-02","1","LZ_NORTH","QEDF8","28.0","140.0",,,,,,,,,,,,,,,,,,,"ETCOYB13","N","V","2024-12-01"
"2024-10-02","1","LZ_NORTH","QETEC","36.2","520.0",,,,,,,,,,,,,,,,,,,"AMPS","N","F","2024-12-01"
"2024-10-02","1","LZ_NORTH","QEXEL4","55.9","4900.0",,,,,,,,,,,,,,,,,,,"455668","N","F","2024-12-01"
"2024-10-02","1","LZ_NORTH","QFREE1","0.0","30.0","20.0","15.0",,,,,,,,,,,,,,,,,"LZ_N_1002","N","C","2024-12-01"
"2024-10-02","1","LZ_NORTH","QGAR10","43.0","250.0",,,,,,,,,,,,,,,,,,,"004","N","V","2024-12-01"
"2024-10-02","1","LZ_NORTH","QGAR6","113.0","250.0",,,,,,,,,,,,,,,,,,,"002","N","V","2024-12-01"
"2024-10-02","1","LZ_NORTH","QGAR6","75.0","250.0",,,,,,,,,,,,,,,,,,,"001","N","V","2024-12-01"
"2024-10-02","1","LZ_NORTH","QGAR8","14.0","250.0",,,,,,,,,,,,,,,,,,,"001","N","V","2024-12-01"
"2024-10-02","1","LZ_NORTH","QGAR8","17.0","250.0",,,,,,,,,,,,,,,,,,,"004","N","V","2024-12-01"
"2024-10-02","1","LZ_NORTH","QGAR8","5.0","250.0",,,,,,,,,,,,,,,,,,,"005","N","V","2024-12-01"
"2024-10-02","1","LZ_NORTH","QGAR9","2.8","250.0",,,,,,,,,,,,,,,,,,,"001","N","V","2024-12-01"
"2024-10-02","1","LZ_NORTH","QGEUS","20.0","350.0",,,,,,,,,,,,,,,,,,,"001","N","V","2024-12-01"
"2024-10-02","1","LZ_NORTH","QGEUS","35.5","350.0",,,,,,,,,,,,,,,,,,,"002","N","V","2024-12-01"
"2024-10-02","1","LZ_NORTH","QGRAN3","1.0","20.22",,,,,,,,,,,,,,,,,,,"iQLfW3tLK","N","V","2024-12-01"
"2024-10-02","1","LZ_NORTH","QGRAN3","1.0","20.74",,,,,,,,,,,,,,,,,,,"0h0ROWSBBe","N","V","2024-12-01"
"2024-10-02","1","LZ_NORTH","QGRAN3","1.0","21.31",,,,,,,,,,,,,,,,,,,"gy6sT9964g","N","V","2024-12-01"
"2024-10-02","1","LZ_NORTH","QGRAN3","1.0","21.98",,,,,,,,,,,,,,,,,,,"WgCpStzmr","N","V","2024-12-01"
"2024-10-02","1","LZ_NORTH","QGRAN3","1.0","22.81",,,,,,,,,,,,,,,,,,,"GMdAAoNhwB","N","V","2024-12-01"
"2024-10-02","1","LZ_NORTH","QHART2","0.0","0.01","0.6","0.0","1.0","0.0",,,,,,,,,,,,,,,"0125","N","C","2024-12-01"
"2024-10-02","1","LZ_NORTH","QHEBER","10.0","20.38",,,,,,,,,,,,,,,,,,,"TT61","N","V","2024-12-01"
"2024-10-02","1","LZ_NORTH","QIRONH","49.0","126.0",,,,,,,,,,,,,,,,,,,"1002N","N","F","2024-12-01"
"2024-10-02","1","LZ_NORTH","QLCRA","15.7","2000.0",,,,,,,,,,,,,,,,,,,"SangHam","N","V","2024-12-01"
"2024-10-02","1","LZ_NORTH","QMACET","22.0","588.0",,,,,,,,,,,,,,,,,,,"d00","N","V","2024-12-01"
"2024-10-02","1","LZ_NORTH","QMACQ","29.0","500.0",,,,,,,,,,,,,,,,,,,"RF28","N","V","2024-12-01"
"2024-10-02","1","LZ_NORTH","QMIDAE","29.4","500.0",,,,,,,,,,,,,,,,,,,"20241002NORT","N","F","2024-12-01"
"2024-10-02","1","LZ_NORTH","QMIDSO","24.1","520.0",,,,,,,,,,,,,,,,,,,"EOB1","N","F","2024-12-01"
"2024-10-02","1","LZ_NORTH","QMITXQ","16.5","175.0",,,,,,,,,,,,,,,,,,,"100224LZN","N","V","2024-12-01"
"2024-10-02","1","LZ_NORTH","QMP2E2","22.9","400.0",,,,,,,,,,,,,,,,,,,"uploader","N","C","2024-12-01"
"2024-10-02","1","LZ_NORTH","QPOGO1","2.0","200.0",,,,,,,,,,,,,,,,,,,"1002N","N","F","2024-12-01"
"2024-10-02","1","LZ_NORTH","QQUEXT","2.9","100.0",,,,,,,,,,,,,,,,,,,"ndam1002","N","V","2024-12-01"
"2024-10-02","1","LZ_NORTH","QRHYTH","10.0","25.59",,,,,,,,,,,,,,,,,,,"Bid2","N","V","2024-12-01"
"2024-10-02","1","LZ_NORTH","QRHYTH","10.0","51.18",,,,,,,,,,,,,,,,,,,"Bid1","N","V","2024-12-01"
"2024-10-02","1","LZ_NORTH","QSELFS","9.0","110.0",,,,,,,,,,,,,,,,,,,"0125","N","V","2024-12-01"
"2024-10-02","1","LZ_NORTH","QSHELL","26.0","40.0",,,,,,,,,,,,,,,,,,,"DS101","N","V","2024-12-01"
"2024-10-02","1","LZ_NORTH","QSPANS","7.0","11.22",,,,,,,,,,,,,,,,,,,"653488","N","V","2024-12-01"
"2024-10-02","1","LZ_NORTH","QSPARK","1.0","75.0",,,,,,,,,,,,,,,,,,,"IW-5de09ecd1","N","V","2024-12-01"
"2024-10-02","1","LZ_NORTH","QSUMR","5.0","100.0",,,,,,,,,,,,,,,,,,,"100224LZN","N","V","2024-12-01"
"2024-10-02","1","LZ_NORTH","QTRUEC","5.0","30.0",,,,,,,,,,,,,,,,,,,"TRUENLZ1001B","N","V","2024-12-01"
"2024-10-02","1","LZ_RAYBN","QBARTO","113.7","30.08",,,,,,,,,,,,,,,,,,,"20241002","N","F","2024-12-01"
"2024-10-02","1","LZ_RAYBN","QBBEN1","5.0","5.5",,,,,,,,,,,,,,,,,,,"100133618004","N","V","2024-12-01"
"2024-10-02","1","LZ_RAYBN","QDANSK","6.2","200.0",,,,,,,,,,,,,,,,,,,"241002LZRb_t","N","C","2024-12-01"
"2024-10-02","1","LZ_RAYBN","QGRAN3","1.0","22.22",,,,,,,,,,,,,,,,,,,"KzLkkVSaZq","N","V","2024-12-01"
"2024-10-02","1","LZ_RAYBN","QGRAN3","1.5","21.76",,,,,,,,,,,,,,,,,,,"thZeKtCK3L","N","V","2024-12-01"
"2024-10-02","1","LZ_RAYBN","QGRAN3","2.9","21.27",,,,,,,,,,,,,,,,,,,"7hekwVSWP8","N","V","2024-12-01"
"2024-10-02","1","LZ_RAYBN","QGRAN3","4.2","20.8",,,,,,,,,,,,,,,,,,,"BNHyJHGaKZ","N","V","2024-12-01"
"2024-10-02","1","LZ_RAYBN","QGRAN3","5.2","20.36",,,,,,,,,,,,,,,,,,,"9fQx4B61vc","N","V","2024-12-01"
"2024-10-02","1","LZ_RAYBN","QGRAN3","5.7","19.03",,,,,,,,,,,,,,,,,,,"jye2hRkwwq","N","V","2024-12-01"
"2024-10-02","1","LZ_RAYBN","QGRAN3","5.8","19.45",,,,,,,,,,,,,,,,,,,"Q7odkfVX5F","N","V","2024-12-01"
"2024-10-02","1","LZ_RAYBN","QGRAN3","6.1","19.91",,,,,,,,,,,,,,,,,,,"aMSw3IscsN","N","V","2024-12-01"
"2024-10-02","1","LZ_RAYBN","QHEBER","20.0","17.29","30.0","15.92",,,,,,,,,,,,,,,,,"TT61","N","C","2024-12-01"
"2024-10-02","1","LZ_RAYBN","QMACE1","6.0","399.15",,,,,,,,,,,,,,,,,,,"dlb15","N","V","2024-12-01"
"2024-10-02","1","LZ_RAYBN","QRAYBN","339.5","550.0",,,,,,,,,,,,,,,,,,,"AMPS","N","F","2024-12-01"
"2024-10-02","1","LZ_RAYBN","QTHORD","5.0","150.0",,,,,,,,,,,,,,,,,,,"12","N","V","2024-12-01"
"2024-10-02","1","LZ_SOUTH","QAFFOR","1.0","38.29",,,,,,,,,,,,,,,,,,,"ETAFYB7","N","V","2024-12-01"
"2024-10-02","1","LZ_SOUTH","QBARTL","1.0","750.0",,,,,,,,,,,,,,,,,,,"LZS","N","V","2024-12-01"
"2024-10-02","1","LZ_SOUTH","QBBEN1","5.0","7.0",,,,,,,,,,,,,,,,,,,"100133618006","N","V","2024-12-01"
"2024-10-02","1","LZ_SOUTH","QCALP","297.0","250.0",,,,,,,,,,,,,,,,,,,"000007","N","V","2024-12-01"
"2024-10-02","1","LZ_SOUTH","QCALP3","5.0","200.0",,,,,,,,,,,,,,,,,,,"000007","N","V","2024-12-01"
"2024-10-02","1","LZ_SOUTH","QCC8L7","15.0","20.0",,,,,,,,,,,,,,,,,,,"2024102k4","Y","V","2024-12-01"
"2024-10-02","1","LZ_SOUTH","QCC8L7","15.0","30.0",,,,,,,,,,,,,,,,,,,"2024102k3","Y","V","2024-12-01"
"2024-10-02","1","LZ_SOUTH","QCONO1","1.0","4000.0",,,,,,,,,,,,,,,,,,,"10-02-LZSZ","N","V","2024-12-01"
"2024-10-02","1","LZ_SOUTH","QCPSE5","10.0","1502.0",,,,,,,,,,,,,,,,,,,"18591","N","V","2024-12-01"
"2024-10-02","1","LZ_SOUTH","QCPSE5","12.0","1502.0",,,,,,,,,,,,,,,,,,,"18592","N","V","2024-12-01"
"2024-10-02","1","LZ_SOUTH","QCPSE5","20.0","1502.0",,,,,,,,,,,,,,,,,,,"456","N","F","2024-12-01"
"2024-10-02","1","LZ_SOUTH","QCPSE6","31.4","1502.0",,,,,,,,,,,,,,,,,,,"24150","N","V","2024-12-01"
"2024-10-02","1","LZ_SOUTH","QCPSE6","7.6","1502.0",,,,,,,,,,,,,,,,,,,"24149","N","V","2024-12-01"
"2024-10-02","1","LZ_SOUTH","QDANSK","4.2","200.0",,,,,,,,,,,,,,,,,,,"241002LZSb_t","N","C","2024-12-01"
